%YAML 1.1
%TAG !u! tag:unity3d.com,2011:
--- !u!29 &1
OcclusionCullingSettings:
  m_ObjectHideFlags: 0
  serializedVersion: 2
  m_OcclusionBakeSettings:
    smallestOccluder: 5
    smallestHole: 0.25
    backfaceThreshold: 100
  m_SceneGUID: 00000000000000000000000000000000
  m_OcclusionCullingData: {fileID: 0}
--- !u!104 &2
RenderSettings:
  m_ObjectHideFlags: 0
  serializedVersion: 9
  m_Fog: 0
  m_FogColor: {r: 0.5, g: 0.5, b: 0.5, a: 1}
  m_FogMode: 3
  m_FogDensity: 0.01
  m_LinearFogStart: 0
  m_LinearFogEnd: 300
  m_AmbientSkyColor: {r: 0.212, g: 0.227, b: 0.259, a: 1}
  m_AmbientEquatorColor: {r: 0.114, g: 0.125, b: 0.133, a: 1}
  m_AmbientGroundColor: {r: 0.047, g: 0.043, b: 0.035, a: 1}
  m_AmbientIntensity: 1
  m_AmbientMode: 3
  m_SubtractiveShadowColor: {r: 0.42, g: 0.478, b: 0.627, a: 1}
  m_SkyboxMaterial: {fileID: 0}
  m_HaloStrength: 0.5
  m_FlareStrength: 1
  m_FlareFadeSpeed: 3
  m_HaloTexture: {fileID: 0}
  m_SpotCookie: {fileID: 10001, guid: 0000000000000000e000000000000000, type: 0}
  m_DefaultReflectionMode: 0
  m_DefaultReflectionResolution: 128
  m_ReflectionBounces: 1
  m_ReflectionIntensity: 1
  m_CustomReflection: {fileID: 0}
  m_Sun: {fileID: 0}
  m_IndirectSpecularColor: {r: 0, g: 0, b: 0, a: 1}
  m_UseRadianceAmbientProbe: 0
--- !u!157 &3
LightmapSettings:
  m_ObjectHideFlags: 0
  serializedVersion: 11
  m_GIWorkflowMode: 1
  m_GISettings:
    serializedVersion: 2
    m_BounceScale: 1
    m_IndirectOutputScale: 1
    m_AlbedoBoost: 1
    m_EnvironmentLightingMode: 0
    m_EnableBakedLightmaps: 0
    m_EnableRealtimeLightmaps: 0
  m_LightmapEditorSettings:
    serializedVersion: 12
    m_Resolution: 2
    m_BakeResolution: 40
    m_AtlasSize: 1024
    m_AO: 0
    m_AOMaxDistance: 1
    m_CompAOExponent: 1
    m_CompAOExponentDirect: 0
    m_ExtractAmbientOcclusion: 0
    m_Padding: 2
    m_LightmapParameters: {fileID: 0}
    m_LightmapsBakeMode: 1
    m_TextureCompression: 1
    m_FinalGather: 0
    m_FinalGatherFiltering: 1
    m_FinalGatherRayCount: 256
    m_ReflectionCompression: 2
    m_MixedBakeMode: 2
    m_BakeBackend: 1
    m_PVRSampling: 1
    m_PVRDirectSampleCount: 32
    m_PVRSampleCount: 512
    m_PVRBounces: 2
    m_PVREnvironmentSampleCount: 256
    m_PVREnvironmentReferencePointCount: 2048
    m_PVRFilteringMode: 1
    m_PVRDenoiserTypeDirect: 1
    m_PVRDenoiserTypeIndirect: 1
    m_PVRDenoiserTypeAO: 1
    m_PVRFilterTypeDirect: 0
    m_PVRFilterTypeIndirect: 0
    m_PVRFilterTypeAO: 0
    m_PVREnvironmentMIS: 1
    m_PVRCulling: 1
    m_PVRFilteringGaussRadiusDirect: 1
    m_PVRFilteringGaussRadiusIndirect: 5
    m_PVRFilteringGaussRadiusAO: 2
    m_PVRFilteringAtrousPositionSigmaDirect: 0.5
    m_PVRFilteringAtrousPositionSigmaIndirect: 2
    m_PVRFilteringAtrousPositionSigmaAO: 1
    m_ShowResolutionOverlay: 1
    m_ExportTrainingData: 0
  m_LightingDataAsset: {fileID: 0}
  m_UseShadowmask: 1
--- !u!196 &4
NavMeshSettings:
  serializedVersion: 2
  m_ObjectHideFlags: 0
  m_BuildSettings:
    serializedVersion: 2
    agentTypeID: 0
    agentRadius: 0.5
    agentHeight: 2
    agentSlope: 45
    agentClimb: 0.4
    ledgeDropHeight: 0
    maxJumpAcrossDistance: 0
    minRegionArea: 2
    manualCellSize: 0
    cellSize: 0.16666667
    manualTileSize: 0
    tileSize: 256
    accuratePlacement: 0
    debug:
      m_Flags: 0
  m_NavMeshData: {fileID: 0}
--- !u!1 &466409776
GameObject:
  m_ObjectHideFlags: 0
  m_CorrespondingSourceObject: {fileID: 0}
  m_PrefabInstance: {fileID: 0}
  m_PrefabAsset: {fileID: 0}
  serializedVersion: 6
  m_Component:
  - component: {fileID: 466409778}
  - component: {fileID: 466409777}
  m_Layer: 0
  m_Name: GameObject
  m_TagString: Untagged
  m_Icon: {fileID: 0}
  m_NavMeshLayer: 0
  m_StaticEditorFlags: 0
  m_IsActive: 1
--- !u!114 &466409777
MonoBehaviour:
  m_ObjectHideFlags: 0
  m_CorrespondingSourceObject: {fileID: 0}
  m_PrefabInstance: {fileID: 0}
  m_PrefabAsset: {fileID: 0}
  m_GameObject: {fileID: 466409776}
  m_Enabled: 1
  m_EditorHideFlags: 0
  m_Script: {fileID: 11500000, guid: e699d3df0ded5bf4799731e4df3b6fb1, type: 3}
  m_Name: 
  m_EditorClassIdentifier: 
  speaker: "\uC8FC\uD76C\uC9C4"
  text: "\uBC30\uACE0\uD30C \uBC25\uC8E0 \uBB34\uC5D0\uC5D0\uC5D0\uC5D0\uC5D0\uC5D0\uC5D0\uC5D0\uC5D0\uC5D0\uC5D0\uC5D0\uC5D0\uC5D0\uC5D0\uC5D0\uC5E5/\uB625\uB9C8\uB824
    \uB625\uBA39\uC744\uB798 \uC6B0\uC5D0\uC5D0\uC5E5/\uBFCC\uC9C1\uBFCC\uC9C1 \uC6B0\uC9C0\uC9C0\uC9C0\uC9C1"
--- !u!4 &466409778
Transform:
  m_ObjectHideFlags: 0
  m_CorrespondingSourceObject: {fileID: 0}
  m_PrefabInstance: {fileID: 0}
  m_PrefabAsset: {fileID: 0}
  m_GameObject: {fileID: 466409776}
  m_LocalRotation: {x: 0, y: 0, z: 0, w: 1}
  m_LocalPosition: {x: 0, y: 0, z: 0}
  m_LocalScale: {x: 1, y: 1, z: 1}
  m_Children: []
  m_Father: {fileID: 0}
  m_RootOrder: 2
  m_LocalEulerAnglesHint: {x: 0, y: 0, z: 0}
--- !u!1 &1400663876
GameObject:
  m_ObjectHideFlags: 0
  m_CorrespondingSourceObject: {fileID: 0}
  m_PrefabInstance: {fileID: 0}
  m_PrefabAsset: {fileID: 0}
  serializedVersion: 6
  m_Component:
  - component: {fileID: 1400663879}
  - component: {fileID: 1400663878}
  - component: {fileID: 1400663877}
  m_Layer: 0
  m_Name: Main Camera
  m_TagString: MainCamera
  m_Icon: {fileID: 0}
  m_NavMeshLayer: 0
  m_StaticEditorFlags: 0
  m_IsActive: 1
--- !u!81 &1400663877
AudioListener:
  m_ObjectHideFlags: 0
  m_CorrespondingSourceObject: {fileID: 0}
  m_PrefabInstance: {fileID: 0}
  m_PrefabAsset: {fileID: 0}
  m_GameObject: {fileID: 1400663876}
  m_Enabled: 1
--- !u!20 &1400663878
Camera:
  m_ObjectHideFlags: 0
  m_CorrespondingSourceObject: {fileID: 0}
  m_PrefabInstance: {fileID: 0}
  m_PrefabAsset: {fileID: 0}
  m_GameObject: {fileID: 1400663876}
  m_Enabled: 1
  serializedVersion: 2
  m_ClearFlags: 2
  m_BackGroundColor: {r: 1, g: 1, b: 1, a: 0}
  m_projectionMatrixMode: 1
  m_GateFitMode: 2
  m_FOVAxisMode: 0
  m_SensorSize: {x: 36, y: 24}
  m_LensShift: {x: 0, y: 0}
  m_FocalLength: 50
  m_NormalizedViewPortRect:
    serializedVersion: 2
    x: 0
    y: 0
    width: 1
    height: 1
  near clip plane: 0.3
  far clip plane: 1000
  field of view: 60
  orthographic: 1
  orthographic size: 5
  m_Depth: -1
  m_CullingMask:
    serializedVersion: 2
    m_Bits: 4294967295
  m_RenderingPath: -1
  m_TargetTexture: {fileID: 0}
  m_TargetDisplay: 0
  m_TargetEye: 3
  m_HDR: 1
  m_AllowMSAA: 1
  m_AllowDynamicResolution: 0
  m_ForceIntoRT: 0
  m_OcclusionCulling: 1
  m_StereoConvergence: 10
  m_StereoSeparation: 0.022
--- !u!4 &1400663879
Transform:
  m_ObjectHideFlags: 0
  m_CorrespondingSourceObject: {fileID: 0}
  m_PrefabInstance: {fileID: 0}
  m_PrefabAsset: {fileID: 0}
  m_GameObject: {fileID: 1400663876}
  m_LocalRotation: {x: 0, y: 0, z: 0, w: 1}
  m_LocalPosition: {x: 0, y: 0, z: -10}
  m_LocalScale: {x: 1, y: 1, z: 1}
  m_Children: []
  m_Father: {fileID: 0}
  m_RootOrder: 0
  m_LocalEulerAnglesHint: {x: 0, y: 0, z: 0}
--- !u!1001 &2021430478
PrefabInstance:
  m_ObjectHideFlags: 0
  serializedVersion: 2
  m_Modification:
    m_TransformParent: {fileID: 0}
    m_Modifications:
    - target: {fileID: 3856152696838094217, guid: a449e3f26f5c0fe4482b273db0bf09fe,
        type: 3}
      propertyPath: m_Name
      value: Canvas_Prefab_HUD
      objectReference: {fileID: 0}
    - target: {fileID: 3856152695970121625, guid: a449e3f26f5c0fe4482b273db0bf09fe,
        type: 3}
      propertyPath: m_LocalPosition.x
      value: 0
      objectReference: {fileID: 0}
    - target: {fileID: 3856152695970121625, guid: a449e3f26f5c0fe4482b273db0bf09fe,
        type: 3}
      propertyPath: m_LocalPosition.y
      value: 0
      objectReference: {fileID: 0}
    - target: {fileID: 3856152695970121625, guid: a449e3f26f5c0fe4482b273db0bf09fe,
        type: 3}
      propertyPath: m_LocalPosition.z
      value: 0
      objectReference: {fileID: 0}
    - target: {fileID: 3856152695970121625, guid: a449e3f26f5c0fe4482b273db0bf09fe,
        type: 3}
      propertyPath: m_LocalRotation.x
      value: 0
      objectReference: {fileID: 0}
    - target: {fileID: 3856152695970121625, guid: a449e3f26f5c0fe4482b273db0bf09fe,
        type: 3}
      propertyPath: m_LocalRotation.y
      value: 0
      objectReference: {fileID: 0}
    - target: {fileID: 3856152695970121625, guid: a449e3f26f5c0fe4482b273db0bf09fe,
        type: 3}
      propertyPath: m_LocalRotation.z
      value: 0
      objectReference: {fileID: 0}
    - target: {fileID: 3856152695970121625, guid: a449e3f26f5c0fe4482b273db0bf09fe,
        type: 3}
      propertyPath: m_LocalRotation.w
      value: 1
      objectReference: {fileID: 0}
    - target: {fileID: 3856152695970121625, guid: a449e3f26f5c0fe4482b273db0bf09fe,
        type: 3}
      propertyPath: m_RootOrder
      value: 1
      objectReference: {fileID: 0}
    - target: {fileID: 3856152695970121625, guid: a449e3f26f5c0fe4482b273db0bf09fe,
        type: 3}
      propertyPath: m_LocalEulerAnglesHint.x
      value: 0
      objectReference: {fileID: 0}
    - target: {fileID: 3856152695970121625, guid: a449e3f26f5c0fe4482b273db0bf09fe,
        type: 3}
      propertyPath: m_LocalEulerAnglesHint.y
      value: 0
      objectReference: {fileID: 0}
    - target: {fileID: 3856152695970121625, guid: a449e3f26f5c0fe4482b273db0bf09fe,
        type: 3}
      propertyPath: m_LocalEulerAnglesHint.z
      value: 0
      objectReference: {fileID: 0}
    - target: {fileID: 3856152695970121625, guid: a449e3f26f5c0fe4482b273db0bf09fe,
        type: 3}
      propertyPath: m_AnchoredPosition.x
      value: 0
      objectReference: {fileID: 0}
    - target: {fileID: 3856152695970121625, guid: a449e3f26f5c0fe4482b273db0bf09fe,
        type: 3}
      propertyPath: m_AnchoredPosition.y
      value: 0
      objectReference: {fileID: 0}
    - target: {fileID: 3856152695970121625, guid: a449e3f26f5c0fe4482b273db0bf09fe,
        type: 3}
      propertyPath: m_SizeDelta.x
      value: 0
      objectReference: {fileID: 0}
    - target: {fileID: 3856152695970121625, guid: a449e3f26f5c0fe4482b273db0bf09fe,
        type: 3}
      propertyPath: m_SizeDelta.y
      value: 0
      objectReference: {fileID: 0}
    - target: {fileID: 3856152695970121625, guid: a449e3f26f5c0fe4482b273db0bf09fe,
        type: 3}
      propertyPath: m_AnchorMin.x
      value: 0
      objectReference: {fileID: 0}
    - target: {fileID: 3856152695970121625, guid: a449e3f26f5c0fe4482b273db0bf09fe,
        type: 3}
      propertyPath: m_AnchorMin.y
      value: 0
      objectReference: {fileID: 0}
    - target: {fileID: 3856152695970121625, guid: a449e3f26f5c0fe4482b273db0bf09fe,
        type: 3}
      propertyPath: m_AnchorMax.x
      value: 0
      objectReference: {fileID: 0}
    - target: {fileID: 3856152695970121625, guid: a449e3f26f5c0fe4482b273db0bf09fe,
        type: 3}
      propertyPath: m_AnchorMax.y
      value: 0
      objectReference: {fileID: 0}
    - target: {fileID: 3856152695970121625, guid: a449e3f26f5c0fe4482b273db0bf09fe,
        type: 3}
      propertyPath: m_Pivot.x
      value: 0
      objectReference: {fileID: 0}
    - target: {fileID: 3856152695970121625, guid: a449e3f26f5c0fe4482b273db0bf09fe,
        type: 3}
      propertyPath: m_Pivot.y
      value: 0
      objectReference: {fileID: 0}
    - target: {fileID: 3856152696838094218, guid: a449e3f26f5c0fe4482b273db0bf09fe,
        type: 3}
      propertyPath: m_Camera
      value: 
      objectReference: {fileID: 1400663878}
    - target: {fileID: 2091097389, guid: a449e3f26f5c0fe4482b273db0bf09fe, type: 3}
      propertyPath: m_IsActive
      value: 0
      objectReference: {fileID: 0}
    - target: {fileID: 1049093951, guid: a449e3f26f5c0fe4482b273db0bf09fe, type: 3}
      propertyPath: m_IsActive
      value: 0
      objectReference: {fileID: 0}
    - target: {fileID: 1818162761, guid: a449e3f26f5c0fe4482b273db0bf09fe, type: 3}
      propertyPath: m_IsActive
      value: 0
      objectReference: {fileID: 0}
    - target: {fileID: 5161376519131268055, guid: a449e3f26f5c0fe4482b273db0bf09fe,
        type: 3}
      propertyPath: m_AnchoredPosition.y
      value: -93.25
      objectReference: {fileID: 0}
    - target: {fileID: 265027118023597145, guid: a449e3f26f5c0fe4482b273db0bf09fe,
        type: 3}
      propertyPath: m_IsActive
      value: 0
      objectReference: {fileID: 0}
    - target: {fileID: 484676496, guid: a449e3f26f5c0fe4482b273db0bf09fe, type: 3}
      propertyPath: m_IsActive
      value: 0
      objectReference: {fileID: 0}
    - target: {fileID: 1661941889, guid: a449e3f26f5c0fe4482b273db0bf09fe, type: 3}
      propertyPath: m_IsActive
      value: 0
      objectReference: {fileID: 0}
    - target: {fileID: 1109125037, guid: a449e3f26f5c0fe4482b273db0bf09fe, type: 3}
      propertyPath: m_AnchorMin.y
      value: 0
      objectReference: {fileID: 0}
    - target: {fileID: 1109125037, guid: a449e3f26f5c0fe4482b273db0bf09fe, type: 3}
      propertyPath: m_AnchorMax.y
      value: 0
      objectReference: {fileID: 0}
    - target: {fileID: 1109125037, guid: a449e3f26f5c0fe4482b273db0bf09fe, type: 3}
      propertyPath: m_AnchoredPosition.x
      value: 0
      objectReference: {fileID: 0}
    - target: {fileID: 1109125037, guid: a449e3f26f5c0fe4482b273db0bf09fe, type: 3}
      propertyPath: m_AnchoredPosition.y
      value: 0
      objectReference: {fileID: 0}
    - target: {fileID: 1109125037, guid: a449e3f26f5c0fe4482b273db0bf09fe, type: 3}
      propertyPath: m_SizeDelta.x
      value: 0
      objectReference: {fileID: 0}
    - target: {fileID: 1109125037, guid: a449e3f26f5c0fe4482b273db0bf09fe, type: 3}
      propertyPath: m_SizeDelta.y
      value: 0
      objectReference: {fileID: 0}
    - target: {fileID: 1077729515, guid: a449e3f26f5c0fe4482b273db0bf09fe, type: 3}
      propertyPath: m_AnchorMin.y
      value: 0
      objectReference: {fileID: 0}
    - target: {fileID: 1077729515, guid: a449e3f26f5c0fe4482b273db0bf09fe, type: 3}
      propertyPath: m_AnchorMax.y
      value: 0
      objectReference: {fileID: 0}
    - target: {fileID: 1077729515, guid: a449e3f26f5c0fe4482b273db0bf09fe, type: 3}
      propertyPath: m_AnchoredPosition.x
      value: 0
      objectReference: {fileID: 0}
    - target: {fileID: 1077729515, guid: a449e3f26f5c0fe4482b273db0bf09fe, type: 3}
      propertyPath: m_AnchoredPosition.y
      value: 0
      objectReference: {fileID: 0}
    - target: {fileID: 1077729515, guid: a449e3f26f5c0fe4482b273db0bf09fe, type: 3}
      propertyPath: m_SizeDelta.x
      value: 0
      objectReference: {fileID: 0}
    - target: {fileID: 1077729515, guid: a449e3f26f5c0fe4482b273db0bf09fe, type: 3}
      propertyPath: m_SizeDelta.y
      value: 0
      objectReference: {fileID: 0}
    - target: {fileID: 977082410, guid: a449e3f26f5c0fe4482b273db0bf09fe, type: 3}
      propertyPath: m_AnchorMin.y
      value: 0
      objectReference: {fileID: 0}
    - target: {fileID: 977082410, guid: a449e3f26f5c0fe4482b273db0bf09fe, type: 3}
      propertyPath: m_AnchorMax.y
      value: 0
      objectReference: {fileID: 0}
    - target: {fileID: 977082410, guid: a449e3f26f5c0fe4482b273db0bf09fe, type: 3}
      propertyPath: m_AnchoredPosition.x
      value: 0
      objectReference: {fileID: 0}
    - target: {fileID: 977082410, guid: a449e3f26f5c0fe4482b273db0bf09fe, type: 3}
      propertyPath: m_AnchoredPosition.y
      value: 0
      objectReference: {fileID: 0}
    - target: {fileID: 977082410, guid: a449e3f26f5c0fe4482b273db0bf09fe, type: 3}
      propertyPath: m_SizeDelta.x
      value: 0
      objectReference: {fileID: 0}
    - target: {fileID: 977082410, guid: a449e3f26f5c0fe4482b273db0bf09fe, type: 3}
      propertyPath: m_SizeDelta.y
      value: 0
      objectReference: {fileID: 0}
    - target: {fileID: 1300931953, guid: a449e3f26f5c0fe4482b273db0bf09fe, type: 3}
      propertyPath: m_AnchorMin.y
      value: 0
      objectReference: {fileID: 0}
    - target: {fileID: 1300931953, guid: a449e3f26f5c0fe4482b273db0bf09fe, type: 3}
      propertyPath: m_AnchorMax.y
      value: 0
      objectReference: {fileID: 0}
    - target: {fileID: 1300931953, guid: a449e3f26f5c0fe4482b273db0bf09fe, type: 3}
      propertyPath: m_AnchoredPosition.x
      value: 0
      objectReference: {fileID: 0}
    - target: {fileID: 1300931953, guid: a449e3f26f5c0fe4482b273db0bf09fe, type: 3}
      propertyPath: m_AnchoredPosition.y
      value: 0
      objectReference: {fileID: 0}
    - target: {fileID: 1300931953, guid: a449e3f26f5c0fe4482b273db0bf09fe, type: 3}
      propertyPath: m_SizeDelta.x
      value: 0
      objectReference: {fileID: 0}
    - target: {fileID: 1300931953, guid: a449e3f26f5c0fe4482b273db0bf09fe, type: 3}
      propertyPath: m_SizeDelta.y
      value: 0
      objectReference: {fileID: 0}
    - target: {fileID: 2000008526, guid: a449e3f26f5c0fe4482b273db0bf09fe, type: 3}
      propertyPath: m_AnchorMin.y
      value: 0
      objectReference: {fileID: 0}
    - target: {fileID: 2000008526, guid: a449e3f26f5c0fe4482b273db0bf09fe, type: 3}
      propertyPath: m_AnchorMax.y
      value: 0
      objectReference: {fileID: 0}
    - target: {fileID: 2000008526, guid: a449e3f26f5c0fe4482b273db0bf09fe, type: 3}
      propertyPath: m_AnchoredPosition.x
      value: 0
      objectReference: {fileID: 0}
    - target: {fileID: 2000008526, guid: a449e3f26f5c0fe4482b273db0bf09fe, type: 3}
      propertyPath: m_AnchoredPosition.y
      value: 0
      objectReference: {fileID: 0}
    - target: {fileID: 2000008526, guid: a449e3f26f5c0fe4482b273db0bf09fe, type: 3}
      propertyPath: m_SizeDelta.x
      value: 0
      objectReference: {fileID: 0}
    - target: {fileID: 2000008526, guid: a449e3f26f5c0fe4482b273db0bf09fe, type: 3}
      propertyPath: m_SizeDelta.y
      value: 0
      objectReference: {fileID: 0}
    - target: {fileID: 829873263, guid: a449e3f26f5c0fe4482b273db0bf09fe, type: 3}
      propertyPath: m_AnchorMin.y
      value: 0
      objectReference: {fileID: 0}
    - target: {fileID: 829873263, guid: a449e3f26f5c0fe4482b273db0bf09fe, type: 3}
      propertyPath: m_AnchorMax.y
      value: 0
      objectReference: {fileID: 0}
    - target: {fileID: 829873263, guid: a449e3f26f5c0fe4482b273db0bf09fe, type: 3}
      propertyPath: m_AnchoredPosition.x
      value: 0
      objectReference: {fileID: 0}
    - target: {fileID: 829873263, guid: a449e3f26f5c0fe4482b273db0bf09fe, type: 3}
      propertyPath: m_AnchoredPosition.y
      value: 0
      objectReference: {fileID: 0}
    - target: {fileID: 829873263, guid: a449e3f26f5c0fe4482b273db0bf09fe, type: 3}
      propertyPath: m_SizeDelta.x
      value: 0
      objectReference: {fileID: 0}
    - target: {fileID: 829873263, guid: a449e3f26f5c0fe4482b273db0bf09fe, type: 3}
      propertyPath: m_SizeDelta.y
      value: 0
      objectReference: {fileID: 0}
    - target: {fileID: 707130157, guid: a449e3f26f5c0fe4482b273db0bf09fe, type: 3}
      propertyPath: m_AnchorMin.y
      value: 0
      objectReference: {fileID: 0}
    - target: {fileID: 707130157, guid: a449e3f26f5c0fe4482b273db0bf09fe, type: 3}
      propertyPath: m_AnchorMax.y
      value: 0
      objectReference: {fileID: 0}
    - target: {fileID: 707130157, guid: a449e3f26f5c0fe4482b273db0bf09fe, type: 3}
      propertyPath: m_AnchoredPosition.x
      value: 0
      objectReference: {fileID: 0}
    - target: {fileID: 707130157, guid: a449e3f26f5c0fe4482b273db0bf09fe, type: 3}
      propertyPath: m_AnchoredPosition.y
      value: 0
      objectReference: {fileID: 0}
    - target: {fileID: 707130157, guid: a449e3f26f5c0fe4482b273db0bf09fe, type: 3}
      propertyPath: m_SizeDelta.x
      value: 0
      objectReference: {fileID: 0}
    - target: {fileID: 707130157, guid: a449e3f26f5c0fe4482b273db0bf09fe, type: 3}
      propertyPath: m_SizeDelta.y
      value: 0
      objectReference: {fileID: 0}
    - target: {fileID: 1532251208, guid: a449e3f26f5c0fe4482b273db0bf09fe, type: 3}
      propertyPath: m_AnchorMin.y
      value: 0
      objectReference: {fileID: 0}
    - target: {fileID: 1532251208, guid: a449e3f26f5c0fe4482b273db0bf09fe, type: 3}
      propertyPath: m_AnchorMax.y
      value: 0
      objectReference: {fileID: 0}
    - target: {fileID: 1532251208, guid: a449e3f26f5c0fe4482b273db0bf09fe, type: 3}
      propertyPath: m_AnchoredPosition.x
      value: 0
      objectReference: {fileID: 0}
    - target: {fileID: 1532251208, guid: a449e3f26f5c0fe4482b273db0bf09fe, type: 3}
      propertyPath: m_AnchoredPosition.y
      value: 0
      objectReference: {fileID: 0}
    - target: {fileID: 1532251208, guid: a449e3f26f5c0fe4482b273db0bf09fe, type: 3}
      propertyPath: m_SizeDelta.x
      value: 0
      objectReference: {fileID: 0}
    - target: {fileID: 1532251208, guid: a449e3f26f5c0fe4482b273db0bf09fe, type: 3}
      propertyPath: m_SizeDelta.y
      value: 0
      objectReference: {fileID: 0}
    - target: {fileID: 1316111874, guid: a449e3f26f5c0fe4482b273db0bf09fe, type: 3}
      propertyPath: m_AnchorMin.y
      value: 0
      objectReference: {fileID: 0}
    - target: {fileID: 1316111874, guid: a449e3f26f5c0fe4482b273db0bf09fe, type: 3}
      propertyPath: m_AnchorMax.y
      value: 0
      objectReference: {fileID: 0}
    - target: {fileID: 1316111874, guid: a449e3f26f5c0fe4482b273db0bf09fe, type: 3}
      propertyPath: m_AnchoredPosition.x
      value: 0
      objectReference: {fileID: 0}
    - target: {fileID: 1316111874, guid: a449e3f26f5c0fe4482b273db0bf09fe, type: 3}
      propertyPath: m_AnchoredPosition.y
      value: 0
      objectReference: {fileID: 0}
    - target: {fileID: 1316111874, guid: a449e3f26f5c0fe4482b273db0bf09fe, type: 3}
      propertyPath: m_SizeDelta.x
      value: 0
      objectReference: {fileID: 0}
    - target: {fileID: 1316111874, guid: a449e3f26f5c0fe4482b273db0bf09fe, type: 3}
      propertyPath: m_SizeDelta.y
      value: 0
      objectReference: {fileID: 0}
    - target: {fileID: 553580467, guid: a449e3f26f5c0fe4482b273db0bf09fe, type: 3}
      propertyPath: m_AnchorMin.y
      value: 0
      objectReference: {fileID: 0}
    - target: {fileID: 553580467, guid: a449e3f26f5c0fe4482b273db0bf09fe, type: 3}
      propertyPath: m_AnchorMax.y
      value: 0
      objectReference: {fileID: 0}
    - target: {fileID: 553580467, guid: a449e3f26f5c0fe4482b273db0bf09fe, type: 3}
      propertyPath: m_AnchoredPosition.x
      value: 0
      objectReference: {fileID: 0}
    - target: {fileID: 553580467, guid: a449e3f26f5c0fe4482b273db0bf09fe, type: 3}
      propertyPath: m_AnchoredPosition.y
      value: 0
      objectReference: {fileID: 0}
    - target: {fileID: 553580467, guid: a449e3f26f5c0fe4482b273db0bf09fe, type: 3}
      propertyPath: m_SizeDelta.x
      value: 0
      objectReference: {fileID: 0}
    - target: {fileID: 553580467, guid: a449e3f26f5c0fe4482b273db0bf09fe, type: 3}
      propertyPath: m_SizeDelta.y
      value: 0
      objectReference: {fileID: 0}
    - target: {fileID: 1296659243, guid: a449e3f26f5c0fe4482b273db0bf09fe, type: 3}
      propertyPath: m_AnchorMin.y
      value: 0
      objectReference: {fileID: 0}
    - target: {fileID: 1296659243, guid: a449e3f26f5c0fe4482b273db0bf09fe, type: 3}
      propertyPath: m_AnchorMax.y
      value: 0
      objectReference: {fileID: 0}
    - target: {fileID: 1296659243, guid: a449e3f26f5c0fe4482b273db0bf09fe, type: 3}
      propertyPath: m_AnchoredPosition.x
      value: 0
      objectReference: {fileID: 0}
    - target: {fileID: 1296659243, guid: a449e3f26f5c0fe4482b273db0bf09fe, type: 3}
      propertyPath: m_AnchoredPosition.y
      value: 0
      objectReference: {fileID: 0}
    - target: {fileID: 1296659243, guid: a449e3f26f5c0fe4482b273db0bf09fe, type: 3}
      propertyPath: m_SizeDelta.x
      value: 0
      objectReference: {fileID: 0}
    - target: {fileID: 1296659243, guid: a449e3f26f5c0fe4482b273db0bf09fe, type: 3}
      propertyPath: m_SizeDelta.y
      value: 0
      objectReference: {fileID: 0}
    - target: {fileID: 1022711560, guid: a449e3f26f5c0fe4482b273db0bf09fe, type: 3}
      propertyPath: m_AnchorMin.y
      value: 0
      objectReference: {fileID: 0}
    - target: {fileID: 1022711560, guid: a449e3f26f5c0fe4482b273db0bf09fe, type: 3}
      propertyPath: m_AnchorMax.y
      value: 0
      objectReference: {fileID: 0}
    - target: {fileID: 1022711560, guid: a449e3f26f5c0fe4482b273db0bf09fe, type: 3}
      propertyPath: m_AnchoredPosition.x
      value: 0
      objectReference: {fileID: 0}
    - target: {fileID: 1022711560, guid: a449e3f26f5c0fe4482b273db0bf09fe, type: 3}
      propertyPath: m_AnchoredPosition.y
      value: 0
      objectReference: {fileID: 0}
    - target: {fileID: 1022711560, guid: a449e3f26f5c0fe4482b273db0bf09fe, type: 3}
      propertyPath: m_SizeDelta.x
      value: 0
      objectReference: {fileID: 0}
    - target: {fileID: 1022711560, guid: a449e3f26f5c0fe4482b273db0bf09fe, type: 3}
      propertyPath: m_SizeDelta.y
      value: 0
      objectReference: {fileID: 0}
    - target: {fileID: 640452068, guid: a449e3f26f5c0fe4482b273db0bf09fe, type: 3}
      propertyPath: m_AnchorMin.y
      value: 0
      objectReference: {fileID: 0}
    - target: {fileID: 640452068, guid: a449e3f26f5c0fe4482b273db0bf09fe, type: 3}
      propertyPath: m_AnchorMax.y
      value: 0
      objectReference: {fileID: 0}
    - target: {fileID: 640452068, guid: a449e3f26f5c0fe4482b273db0bf09fe, type: 3}
      propertyPath: m_AnchoredPosition.x
      value: 0
      objectReference: {fileID: 0}
    - target: {fileID: 640452068, guid: a449e3f26f5c0fe4482b273db0bf09fe, type: 3}
      propertyPath: m_AnchoredPosition.y
      value: 0
      objectReference: {fileID: 0}
    - target: {fileID: 640452068, guid: a449e3f26f5c0fe4482b273db0bf09fe, type: 3}
      propertyPath: m_SizeDelta.x
      value: 0
      objectReference: {fileID: 0}
    - target: {fileID: 640452068, guid: a449e3f26f5c0fe4482b273db0bf09fe, type: 3}
      propertyPath: m_SizeDelta.y
      value: 0
      objectReference: {fileID: 0}
    - target: {fileID: 315728645, guid: a449e3f26f5c0fe4482b273db0bf09fe, type: 3}
      propertyPath: m_AnchorMin.y
      value: 0
      objectReference: {fileID: 0}
    - target: {fileID: 315728645, guid: a449e3f26f5c0fe4482b273db0bf09fe, type: 3}
      propertyPath: m_AnchorMax.y
      value: 0
      objectReference: {fileID: 0}
    - target: {fileID: 315728645, guid: a449e3f26f5c0fe4482b273db0bf09fe, type: 3}
      propertyPath: m_AnchoredPosition.x
      value: 0
      objectReference: {fileID: 0}
    - target: {fileID: 315728645, guid: a449e3f26f5c0fe4482b273db0bf09fe, type: 3}
      propertyPath: m_AnchoredPosition.y
      value: 0
      objectReference: {fileID: 0}
    - target: {fileID: 315728645, guid: a449e3f26f5c0fe4482b273db0bf09fe, type: 3}
      propertyPath: m_SizeDelta.x
      value: 0
      objectReference: {fileID: 0}
    - target: {fileID: 315728645, guid: a449e3f26f5c0fe4482b273db0bf09fe, type: 3}
      propertyPath: m_SizeDelta.y
      value: 0
      objectReference: {fileID: 0}
    - target: {fileID: 765792555, guid: a449e3f26f5c0fe4482b273db0bf09fe, type: 3}
      propertyPath: m_AnchorMin.y
      value: 0
      objectReference: {fileID: 0}
    - target: {fileID: 765792555, guid: a449e3f26f5c0fe4482b273db0bf09fe, type: 3}
      propertyPath: m_AnchorMax.y
      value: 0
      objectReference: {fileID: 0}
    - target: {fileID: 765792555, guid: a449e3f26f5c0fe4482b273db0bf09fe, type: 3}
      propertyPath: m_AnchoredPosition.x
      value: 0
      objectReference: {fileID: 0}
    - target: {fileID: 765792555, guid: a449e3f26f5c0fe4482b273db0bf09fe, type: 3}
      propertyPath: m_AnchoredPosition.y
      value: 0
      objectReference: {fileID: 0}
    - target: {fileID: 765792555, guid: a449e3f26f5c0fe4482b273db0bf09fe, type: 3}
      propertyPath: m_SizeDelta.x
      value: 0
      objectReference: {fileID: 0}
    - target: {fileID: 765792555, guid: a449e3f26f5c0fe4482b273db0bf09fe, type: 3}
      propertyPath: m_SizeDelta.y
      value: 0
      objectReference: {fileID: 0}
    - target: {fileID: 59230314, guid: a449e3f26f5c0fe4482b273db0bf09fe, type: 3}
      propertyPath: m_AnchorMin.y
      value: 0
      objectReference: {fileID: 0}
    - target: {fileID: 59230314, guid: a449e3f26f5c0fe4482b273db0bf09fe, type: 3}
      propertyPath: m_AnchorMax.y
      value: 0
      objectReference: {fileID: 0}
    - target: {fileID: 59230314, guid: a449e3f26f5c0fe4482b273db0bf09fe, type: 3}
      propertyPath: m_AnchoredPosition.x
      value: 0
      objectReference: {fileID: 0}
    - target: {fileID: 59230314, guid: a449e3f26f5c0fe4482b273db0bf09fe, type: 3}
      propertyPath: m_AnchoredPosition.y
      value: 0
      objectReference: {fileID: 0}
    - target: {fileID: 59230314, guid: a449e3f26f5c0fe4482b273db0bf09fe, type: 3}
      propertyPath: m_SizeDelta.x
      value: 0
      objectReference: {fileID: 0}
    - target: {fileID: 59230314, guid: a449e3f26f5c0fe4482b273db0bf09fe, type: 3}
      propertyPath: m_SizeDelta.y
      value: 0
      objectReference: {fileID: 0}
    - target: {fileID: 694116202, guid: a449e3f26f5c0fe4482b273db0bf09fe, type: 3}
      propertyPath: m_AnchorMin.y
      value: 0
      objectReference: {fileID: 0}
    - target: {fileID: 694116202, guid: a449e3f26f5c0fe4482b273db0bf09fe, type: 3}
      propertyPath: m_AnchorMax.y
      value: 0
      objectReference: {fileID: 0}
    - target: {fileID: 694116202, guid: a449e3f26f5c0fe4482b273db0bf09fe, type: 3}
      propertyPath: m_AnchoredPosition.x
      value: 0
      objectReference: {fileID: 0}
    - target: {fileID: 694116202, guid: a449e3f26f5c0fe4482b273db0bf09fe, type: 3}
      propertyPath: m_AnchoredPosition.y
      value: 0
      objectReference: {fileID: 0}
    - target: {fileID: 694116202, guid: a449e3f26f5c0fe4482b273db0bf09fe, type: 3}
      propertyPath: m_SizeDelta.x
      value: 0
      objectReference: {fileID: 0}
    - target: {fileID: 694116202, guid: a449e3f26f5c0fe4482b273db0bf09fe, type: 3}
      propertyPath: m_SizeDelta.y
      value: 0
      objectReference: {fileID: 0}
    - target: {fileID: 215840906, guid: a449e3f26f5c0fe4482b273db0bf09fe, type: 3}
      propertyPath: m_AnchorMin.y
      value: 0
      objectReference: {fileID: 0}
    - target: {fileID: 215840906, guid: a449e3f26f5c0fe4482b273db0bf09fe, type: 3}
      propertyPath: m_AnchorMax.y
      value: 0
      objectReference: {fileID: 0}
    - target: {fileID: 215840906, guid: a449e3f26f5c0fe4482b273db0bf09fe, type: 3}
      propertyPath: m_AnchoredPosition.x
      value: 0
      objectReference: {fileID: 0}
    - target: {fileID: 215840906, guid: a449e3f26f5c0fe4482b273db0bf09fe, type: 3}
      propertyPath: m_AnchoredPosition.y
      value: 0
      objectReference: {fileID: 0}
    - target: {fileID: 215840906, guid: a449e3f26f5c0fe4482b273db0bf09fe, type: 3}
      propertyPath: m_SizeDelta.x
      value: 0
      objectReference: {fileID: 0}
    - target: {fileID: 215840906, guid: a449e3f26f5c0fe4482b273db0bf09fe, type: 3}
      propertyPath: m_SizeDelta.y
      value: 0
      objectReference: {fileID: 0}
    - target: {fileID: 439758367, guid: a449e3f26f5c0fe4482b273db0bf09fe, type: 3}
      propertyPath: m_AnchorMin.y
      value: 0
      objectReference: {fileID: 0}
    - target: {fileID: 439758367, guid: a449e3f26f5c0fe4482b273db0bf09fe, type: 3}
      propertyPath: m_AnchorMax.y
      value: 0
      objectReference: {fileID: 0}
    - target: {fileID: 439758367, guid: a449e3f26f5c0fe4482b273db0bf09fe, type: 3}
      propertyPath: m_AnchoredPosition.x
      value: 0
      objectReference: {fileID: 0}
    - target: {fileID: 439758367, guid: a449e3f26f5c0fe4482b273db0bf09fe, type: 3}
      propertyPath: m_AnchoredPosition.y
      value: 0
      objectReference: {fileID: 0}
    - target: {fileID: 439758367, guid: a449e3f26f5c0fe4482b273db0bf09fe, type: 3}
      propertyPath: m_SizeDelta.x
      value: 0
      objectReference: {fileID: 0}
    - target: {fileID: 439758367, guid: a449e3f26f5c0fe4482b273db0bf09fe, type: 3}
      propertyPath: m_SizeDelta.y
      value: 0
      objectReference: {fileID: 0}
    - target: {fileID: 1576698436, guid: a449e3f26f5c0fe4482b273db0bf09fe, type: 3}
      propertyPath: m_AnchorMin.y
      value: 0
      objectReference: {fileID: 0}
    - target: {fileID: 1576698436, guid: a449e3f26f5c0fe4482b273db0bf09fe, type: 3}
      propertyPath: m_AnchorMax.y
      value: 0
      objectReference: {fileID: 0}
    - target: {fileID: 1576698436, guid: a449e3f26f5c0fe4482b273db0bf09fe, type: 3}
      propertyPath: m_AnchoredPosition.x
      value: 0
      objectReference: {fileID: 0}
    - target: {fileID: 1576698436, guid: a449e3f26f5c0fe4482b273db0bf09fe, type: 3}
      propertyPath: m_AnchoredPosition.y
      value: 0
      objectReference: {fileID: 0}
    - target: {fileID: 1576698436, guid: a449e3f26f5c0fe4482b273db0bf09fe, type: 3}
      propertyPath: m_SizeDelta.x
      value: 0
      objectReference: {fileID: 0}
    - target: {fileID: 1576698436, guid: a449e3f26f5c0fe4482b273db0bf09fe, type: 3}
      propertyPath: m_SizeDelta.y
      value: 0
      objectReference: {fileID: 0}
    - target: {fileID: 1741666215, guid: a449e3f26f5c0fe4482b273db0bf09fe, type: 3}
      propertyPath: m_AnchorMin.y
      value: 0
      objectReference: {fileID: 0}
    - target: {fileID: 1741666215, guid: a449e3f26f5c0fe4482b273db0bf09fe, type: 3}
      propertyPath: m_AnchorMax.y
      value: 0
      objectReference: {fileID: 0}
    - target: {fileID: 1741666215, guid: a449e3f26f5c0fe4482b273db0bf09fe, type: 3}
      propertyPath: m_AnchoredPosition.x
      value: 0
      objectReference: {fileID: 0}
    - target: {fileID: 1741666215, guid: a449e3f26f5c0fe4482b273db0bf09fe, type: 3}
      propertyPath: m_AnchoredPosition.y
      value: 0
      objectReference: {fileID: 0}
    - target: {fileID: 1741666215, guid: a449e3f26f5c0fe4482b273db0bf09fe, type: 3}
      propertyPath: m_SizeDelta.x
      value: 0
      objectReference: {fileID: 0}
    - target: {fileID: 1741666215, guid: a449e3f26f5c0fe4482b273db0bf09fe, type: 3}
      propertyPath: m_SizeDelta.y
      value: 0
      objectReference: {fileID: 0}
    - target: {fileID: 1082920734, guid: a449e3f26f5c0fe4482b273db0bf09fe, type: 3}
      propertyPath: m_AnchorMin.y
      value: 0
      objectReference: {fileID: 0}
    - target: {fileID: 1082920734, guid: a449e3f26f5c0fe4482b273db0bf09fe, type: 3}
      propertyPath: m_AnchorMax.y
      value: 0
      objectReference: {fileID: 0}
    - target: {fileID: 1082920734, guid: a449e3f26f5c0fe4482b273db0bf09fe, type: 3}
      propertyPath: m_AnchoredPosition.x
      value: 0
      objectReference: {fileID: 0}
    - target: {fileID: 1082920734, guid: a449e3f26f5c0fe4482b273db0bf09fe, type: 3}
      propertyPath: m_AnchoredPosition.y
      value: 0
      objectReference: {fileID: 0}
    - target: {fileID: 1082920734, guid: a449e3f26f5c0fe4482b273db0bf09fe, type: 3}
      propertyPath: m_SizeDelta.x
      value: 0
      objectReference: {fileID: 0}
    - target: {fileID: 1082920734, guid: a449e3f26f5c0fe4482b273db0bf09fe, type: 3}
      propertyPath: m_SizeDelta.y
      value: 0
      objectReference: {fileID: 0}
    - target: {fileID: 1739339312, guid: a449e3f26f5c0fe4482b273db0bf09fe, type: 3}
      propertyPath: m_AnchorMin.y
      value: 0
      objectReference: {fileID: 0}
    - target: {fileID: 1739339312, guid: a449e3f26f5c0fe4482b273db0bf09fe, type: 3}
      propertyPath: m_AnchorMax.y
      value: 0
      objectReference: {fileID: 0}
    - target: {fileID: 1739339312, guid: a449e3f26f5c0fe4482b273db0bf09fe, type: 3}
      propertyPath: m_AnchoredPosition.x
      value: 0
      objectReference: {fileID: 0}
    - target: {fileID: 1739339312, guid: a449e3f26f5c0fe4482b273db0bf09fe, type: 3}
      propertyPath: m_AnchoredPosition.y
      value: 0
      objectReference: {fileID: 0}
    - target: {fileID: 1739339312, guid: a449e3f26f5c0fe4482b273db0bf09fe, type: 3}
      propertyPath: m_SizeDelta.x
      value: 0
      objectReference: {fileID: 0}
    - target: {fileID: 1739339312, guid: a449e3f26f5c0fe4482b273db0bf09fe, type: 3}
      propertyPath: m_SizeDelta.y
      value: 0
      objectReference: {fileID: 0}
    - target: {fileID: 2073624337914891315, guid: a449e3f26f5c0fe4482b273db0bf09fe,
        type: 3}
      propertyPath: m_AnchorMin.y
      value: 0
      objectReference: {fileID: 0}
    - target: {fileID: 2073624337914891315, guid: a449e3f26f5c0fe4482b273db0bf09fe,
        type: 3}
      propertyPath: m_AnchorMax.y
      value: 0
      objectReference: {fileID: 0}
    - target: {fileID: 2073624337914891315, guid: a449e3f26f5c0fe4482b273db0bf09fe,
        type: 3}
      propertyPath: m_AnchoredPosition.x
      value: 0
      objectReference: {fileID: 0}
    - target: {fileID: 2073624337914891315, guid: a449e3f26f5c0fe4482b273db0bf09fe,
        type: 3}
      propertyPath: m_AnchoredPosition.y
      value: 0
      objectReference: {fileID: 0}
    - target: {fileID: 2073624337914891315, guid: a449e3f26f5c0fe4482b273db0bf09fe,
        type: 3}
      propertyPath: m_SizeDelta.x
      value: 0
      objectReference: {fileID: 0}
    - target: {fileID: 2073624337914891315, guid: a449e3f26f5c0fe4482b273db0bf09fe,
        type: 3}
      propertyPath: m_SizeDelta.y
      value: 0
      objectReference: {fileID: 0}
    - target: {fileID: 3969344057940252381, guid: a449e3f26f5c0fe4482b273db0bf09fe,
        type: 3}
      propertyPath: m_AnchorMin.y
      value: 0
      objectReference: {fileID: 0}
    - target: {fileID: 3969344057940252381, guid: a449e3f26f5c0fe4482b273db0bf09fe,
        type: 3}
      propertyPath: m_AnchorMax.y
      value: 0
      objectReference: {fileID: 0}
    - target: {fileID: 3969344057940252381, guid: a449e3f26f5c0fe4482b273db0bf09fe,
        type: 3}
      propertyPath: m_AnchoredPosition.x
      value: 0
      objectReference: {fileID: 0}
    - target: {fileID: 3969344057940252381, guid: a449e3f26f5c0fe4482b273db0bf09fe,
        type: 3}
      propertyPath: m_AnchoredPosition.y
      value: 0
      objectReference: {fileID: 0}
    - target: {fileID: 3969344057940252381, guid: a449e3f26f5c0fe4482b273db0bf09fe,
        type: 3}
      propertyPath: m_SizeDelta.x
      value: 0
      objectReference: {fileID: 0}
    - target: {fileID: 3969344057940252381, guid: a449e3f26f5c0fe4482b273db0bf09fe,
        type: 3}
      propertyPath: m_SizeDelta.y
      value: 0
      objectReference: {fileID: 0}
    - target: {fileID: 3085264462823551490, guid: a449e3f26f5c0fe4482b273db0bf09fe,
        type: 3}
      propertyPath: m_AnchorMin.y
      value: 0
      objectReference: {fileID: 0}
    - target: {fileID: 3085264462823551490, guid: a449e3f26f5c0fe4482b273db0bf09fe,
        type: 3}
      propertyPath: m_AnchorMax.y
      value: 0
      objectReference: {fileID: 0}
    - target: {fileID: 3085264462823551490, guid: a449e3f26f5c0fe4482b273db0bf09fe,
        type: 3}
      propertyPath: m_AnchoredPosition.x
      value: 0
      objectReference: {fileID: 0}
    - target: {fileID: 3085264462823551490, guid: a449e3f26f5c0fe4482b273db0bf09fe,
        type: 3}
      propertyPath: m_AnchoredPosition.y
      value: 0
      objectReference: {fileID: 0}
    - target: {fileID: 3085264462823551490, guid: a449e3f26f5c0fe4482b273db0bf09fe,
        type: 3}
      propertyPath: m_SizeDelta.x
      value: 0
      objectReference: {fileID: 0}
    - target: {fileID: 3085264462823551490, guid: a449e3f26f5c0fe4482b273db0bf09fe,
        type: 3}
      propertyPath: m_SizeDelta.y
      value: 0
      objectReference: {fileID: 0}
    - target: {fileID: 8462025793059745807, guid: a449e3f26f5c0fe4482b273db0bf09fe,
        type: 3}
      propertyPath: m_AnchorMin.y
      value: 0
      objectReference: {fileID: 0}
    - target: {fileID: 8462025793059745807, guid: a449e3f26f5c0fe4482b273db0bf09fe,
        type: 3}
      propertyPath: m_AnchorMax.y
      value: 0
      objectReference: {fileID: 0}
    - target: {fileID: 8462025793059745807, guid: a449e3f26f5c0fe4482b273db0bf09fe,
        type: 3}
      propertyPath: m_AnchoredPosition.x
      value: 0
      objectReference: {fileID: 0}
    - target: {fileID: 8462025793059745807, guid: a449e3f26f5c0fe4482b273db0bf09fe,
        type: 3}
      propertyPath: m_AnchoredPosition.y
      value: 0
      objectReference: {fileID: 0}
    - target: {fileID: 8462025793059745807, guid: a449e3f26f5c0fe4482b273db0bf09fe,
        type: 3}
      propertyPath: m_SizeDelta.x
      value: 0
      objectReference: {fileID: 0}
    - target: {fileID: 8462025793059745807, guid: a449e3f26f5c0fe4482b273db0bf09fe,
        type: 3}
      propertyPath: m_SizeDelta.y
      value: 0
      objectReference: {fileID: 0}
    - target: {fileID: 1641370123527672130, guid: a449e3f26f5c0fe4482b273db0bf09fe,
        type: 3}
      propertyPath: m_IsActive
      value: 0
      objectReference: {fileID: 0}
    - target: {fileID: 1687804349992731446, guid: a449e3f26f5c0fe4482b273db0bf09fe,
        type: 3}
      propertyPath: m_AnchoredPosition.y
      value: 396.5
      objectReference: {fileID: 0}
    - target: {fileID: 2389006017616786532, guid: a449e3f26f5c0fe4482b273db0bf09fe,
        type: 3}
      propertyPath: m_IsActive
      value: 1
      objectReference: {fileID: 0}
    - target: {fileID: 6471136824452275693, guid: a449e3f26f5c0fe4482b273db0bf09fe,
        type: 3}
      propertyPath: m_AnchoredPosition.y
      value: 9
      objectReference: {fileID: 0}
    - target: {fileID: 3685172870260911247, guid: a449e3f26f5c0fe4482b273db0bf09fe,
        type: 3}
      propertyPath: m_Sprite
      value: 
      objectReference: {fileID: 21300000, guid: bf8e37b0d4155a7448456fcc96d9055d,
        type: 3}
    - target: {fileID: 3685172870260911247, guid: a449e3f26f5c0fe4482b273db0bf09fe,
        type: 3}
      propertyPath: m_Color.r
      value: 1
      objectReference: {fileID: 0}
    - target: {fileID: 3685172870260911247, guid: a449e3f26f5c0fe4482b273db0bf09fe,
        type: 3}
      propertyPath: m_Color.g
      value: 1
      objectReference: {fileID: 0}
    - target: {fileID: 3685172870260911247, guid: a449e3f26f5c0fe4482b273db0bf09fe,
        type: 3}
      propertyPath: m_Color.b
      value: 1
      objectReference: {fileID: 0}
    - target: {fileID: 4336104207984193636, guid: a449e3f26f5c0fe4482b273db0bf09fe,
        type: 3}
      propertyPath: m_AnchoredPosition.y
      value: 14.599998
      objectReference: {fileID: 0}
    - target: {fileID: 4162343726672290146, guid: a449e3f26f5c0fe4482b273db0bf09fe,
        type: 3}
      propertyPath: m_IsActive
      value: 1
      objectReference: {fileID: 0}
    - target: {fileID: 7263512001537920155, guid: a449e3f26f5c0fe4482b273db0bf09fe,
        type: 3}
      propertyPath: m_AnchoredPosition.y
      value: 0
      objectReference: {fileID: 0}
    - target: {fileID: 7263512001537920155, guid: a449e3f26f5c0fe4482b273db0bf09fe,
        type: 3}
      propertyPath: m_SizeDelta.x
      value: 100
      objectReference: {fileID: 0}
    - target: {fileID: 7263512001537920155, guid: a449e3f26f5c0fe4482b273db0bf09fe,
        type: 3}
      propertyPath: m_SizeDelta.y
      value: 100
      objectReference: {fileID: 0}
    - target: {fileID: 7625518091269195592, guid: a449e3f26f5c0fe4482b273db0bf09fe,
        type: 3}
      propertyPath: m_IsActive
      value: 0
      objectReference: {fileID: 0}
    - target: {fileID: 5754264865655540892, guid: a449e3f26f5c0fe4482b273db0bf09fe,
        type: 3}
      propertyPath: m_Sprite
      value: 
      objectReference: {fileID: 21300000, guid: c3f71fd76efeea543ae567c1dd687450,
        type: 3}
    - target: {fileID: 5754264865655540892, guid: a449e3f26f5c0fe4482b273db0bf09fe,
        type: 3}
      propertyPath: m_Color.r
      value: 1
      objectReference: {fileID: 0}
    - target: {fileID: 5754264865655540892, guid: a449e3f26f5c0fe4482b273db0bf09fe,
        type: 3}
      propertyPath: m_Color.g
      value: 1
      objectReference: {fileID: 0}
    - target: {fileID: 5754264865655540892, guid: a449e3f26f5c0fe4482b273db0bf09fe,
        type: 3}
      propertyPath: m_Color.b
      value: 1
      objectReference: {fileID: 0}
    - target: {fileID: 5754264865655540892, guid: a449e3f26f5c0fe4482b273db0bf09fe,
        type: 3}
      propertyPath: m_Enabled
      value: 1
      objectReference: {fileID: 0}
    - target: {fileID: 1461018401914715994, guid: a449e3f26f5c0fe4482b273db0bf09fe,
        type: 3}
      propertyPath: m_AnchoredPosition.y
      value: -3
      objectReference: {fileID: 0}
    - target: {fileID: 8790732221571175612, guid: a449e3f26f5c0fe4482b273db0bf09fe,
        type: 3}
      propertyPath: m_IsActive
      value: 1
      objectReference: {fileID: 0}
    - target: {fileID: 3130383131776435543, guid: a449e3f26f5c0fe4482b273db0bf09fe,
        type: 3}
      propertyPath: m_UpdateMode
      value: 2
      objectReference: {fileID: 0}
    - target: {fileID: 8714735945181267020, guid: a449e3f26f5c0fe4482b273db0bf09fe,
        type: 3}
      propertyPath: mWaitTextTime
      value: 0.05
      objectReference: {fileID: 0}
    - target: {fileID: 8714735945181267020, guid: a449e3f26f5c0fe4482b273db0bf09fe,
        type: 3}
      propertyPath: mCurrentText
      value: 
      objectReference: {fileID: 0}
    - target: {fileID: 1200613146255335708, guid: a449e3f26f5c0fe4482b273db0bf09fe,
        type: 3}
      propertyPath: m_AnchoredPosition.x
      value: 5
      objectReference: {fileID: 0}
    - target: {fileID: 7581930115701824150, guid: a449e3f26f5c0fe4482b273db0bf09fe,
        type: 3}
      propertyPath: m_Text
      value: "\uC800\uB294 \uD604\uC7AC \uB625\uC774 \uB108\uBB34 \uB9C8\uB835\uC2B5\uB2C8\uB2E4."
      objectReference: {fileID: 0}
    m_RemovedComponents: []
  m_SourcePrefab: {fileID: 100100000, guid: a449e3f26f5c0fe4482b273db0bf09fe, type: 3}
