%YAML 1.1
%TAG !u! tag:unity3d.com,2011:
--- !u!1 &659341709020975702
GameObject:
  m_ObjectHideFlags: 0
  m_CorrespondingSourceObject: {fileID: 0}
  m_PrefabInstance: {fileID: 0}
  m_PrefabAsset: {fileID: 0}
  serializedVersion: 6
  m_Component:
  - component: {fileID: 2129589569978342750}
  m_Layer: 16
  m_Name: RendererHolder
  m_TagString: Untagged
  m_Icon: {fileID: 0}
  m_NavMeshLayer: 0
  m_StaticEditorFlags: 0
  m_IsActive: 1
--- !u!4 &2129589569978342750
Transform:
  m_ObjectHideFlags: 0
  m_CorrespondingSourceObject: {fileID: 0}
  m_PrefabInstance: {fileID: 0}
  m_PrefabAsset: {fileID: 0}
  m_GameObject: {fileID: 659341709020975702}
  m_LocalRotation: {x: -0, y: 0, z: 0, w: 1}
  m_LocalPosition: {x: 0, y: 1.53, z: 0}
  m_LocalScale: {x: 1, y: 1, z: 1}
  m_Children:
  - {fileID: 2876764044252831937}
  m_Father: {fileID: 6884299367108979193}
  m_RootOrder: 0
  m_LocalEulerAnglesHint: {x: 0, y: 0, z: 0}
--- !u!1 &1524836827750640726
GameObject:
  m_ObjectHideFlags: 0
  m_CorrespondingSourceObject: {fileID: 0}
  m_PrefabInstance: {fileID: 0}
  m_PrefabAsset: {fileID: 0}
  serializedVersion: 6
  m_Component:
  - component: {fileID: 6884299367108979193}
  - component: {fileID: 1083053879138420341}
  m_Layer: 16
  m_Name: Main
  m_TagString: Untagged
  m_Icon: {fileID: 0}
  m_NavMeshLayer: 0
  m_StaticEditorFlags: 0
  m_IsActive: 1
--- !u!4 &6884299367108979193
Transform:
  m_ObjectHideFlags: 0
  m_CorrespondingSourceObject: {fileID: 0}
  m_PrefabInstance: {fileID: 0}
  m_PrefabAsset: {fileID: 0}
  m_GameObject: {fileID: 1524836827750640726}
  m_LocalRotation: {x: 0, y: 0, z: 0, w: 1}
  m_LocalPosition: {x: 0, y: 0, z: 0}
  m_LocalScale: {x: -1, y: 1, z: 1}
  m_Children:
  - {fileID: 2129589569978342750}
  - {fileID: 6711359811090978484}
  - {fileID: 2062232037769010162}
  - {fileID: 6975853456044313256}
  - {fileID: 7851904715392894492}
  - {fileID: 4253686582267429021}
  m_Father: {fileID: 6915587162896202827}
  m_RootOrder: 0
  m_LocalEulerAnglesHint: {x: 0, y: 0, z: 0}
--- !u!70 &1083053879138420341
CapsuleCollider2D:
  m_ObjectHideFlags: 0
  m_CorrespondingSourceObject: {fileID: 0}
  m_PrefabInstance: {fileID: 0}
  m_PrefabAsset: {fileID: 0}
  m_GameObject: {fileID: 1524836827750640726}
  m_Enabled: 1
  m_Density: 1
  m_Material: {fileID: 0}
  m_IsTrigger: 0
  m_UsedByEffector: 0
  m_UsedByComposite: 0
  m_Offset: {x: 0, y: 1.2}
  m_Size: {x: 3.5, y: 2.4}
  m_Direction: 1
--- !u!1 &1721247226089347788
GameObject:
  m_ObjectHideFlags: 0
  m_CorrespondingSourceObject: {fileID: 0}
  m_PrefabInstance: {fileID: 0}
  m_PrefabAsset: {fileID: 0}
  serializedVersion: 6
  m_Component:
  - component: {fileID: 2062232037769010162}
  - component: {fileID: 7977681759803890560}
  - component: {fileID: 441874002314957306}
  m_Layer: 17
  m_Name: Trigger_Enemy
  m_TagString: Untagged
  m_Icon: {fileID: 0}
  m_NavMeshLayer: 0
  m_StaticEditorFlags: 0
  m_IsActive: 1
--- !u!4 &2062232037769010162
Transform:
  m_ObjectHideFlags: 0
  m_CorrespondingSourceObject: {fileID: 0}
  m_PrefabInstance: {fileID: 0}
  m_PrefabAsset: {fileID: 0}
  m_GameObject: {fileID: 1721247226089347788}
  m_LocalRotation: {x: 0, y: 0, z: 0, w: 1}
  m_LocalPosition: {x: 0, y: 0, z: 0}
  m_LocalScale: {x: 1, y: 1, z: 1}
  m_Children: []
  m_Father: {fileID: 6884299367108979193}
  m_RootOrder: 2
  m_LocalEulerAnglesHint: {x: 0, y: 0, z: 0}
--- !u!70 &7977681759803890560
CapsuleCollider2D:
  m_ObjectHideFlags: 0
  m_CorrespondingSourceObject: {fileID: 0}
  m_PrefabInstance: {fileID: 0}
  m_PrefabAsset: {fileID: 0}
  m_GameObject: {fileID: 1721247226089347788}
  m_Enabled: 1
  m_Density: 1
  m_Material: {fileID: 0}
  m_IsTrigger: 1
  m_UsedByEffector: 0
  m_UsedByComposite: 0
  m_Offset: {x: 20, y: 5}
  m_Size: {x: 40, y: 20}
  m_Direction: 1
--- !u!114 &441874002314957306
MonoBehaviour:
  m_ObjectHideFlags: 0
  m_CorrespondingSourceObject: {fileID: 0}
  m_PrefabInstance: {fileID: 0}
  m_PrefabAsset: {fileID: 0}
  m_GameObject: {fileID: 1721247226089347788}
  m_Enabled: 1
  m_EditorHideFlags: 0
  m_Script: {fileID: 11500000, guid: a66ece28b56bd2b48a76d3246706173b, type: 3}
  m_Name: 
  m_EditorClassIdentifier: 
  mType: 2
  mDetectLayers: 0e000000
  mIsFixed: 0
--- !u!1 &3977757283543666484
GameObject:
  m_ObjectHideFlags: 0
  m_CorrespondingSourceObject: {fileID: 0}
  m_PrefabInstance: {fileID: 0}
  m_PrefabAsset: {fileID: 0}
  serializedVersion: 6
  m_Component:
  - component: {fileID: 6711359811090978484}
  - component: {fileID: 7857358432900124062}
  - component: {fileID: 3514045630080589511}
  m_Layer: 9
  m_Name: Trigger_Terrain
  m_TagString: Untagged
  m_Icon: {fileID: 0}
  m_NavMeshLayer: 0
  m_StaticEditorFlags: 0
  m_IsActive: 1
--- !u!4 &6711359811090978484
Transform:
  m_ObjectHideFlags: 0
  m_CorrespondingSourceObject: {fileID: 0}
  m_PrefabInstance: {fileID: 0}
  m_PrefabAsset: {fileID: 0}
  m_GameObject: {fileID: 3977757283543666484}
  m_LocalRotation: {x: 0, y: 0, z: 0, w: 1}
  m_LocalPosition: {x: 0, y: 0, z: 0}
  m_LocalScale: {x: 1, y: 1, z: 1}
  m_Children: []
  m_Father: {fileID: 6884299367108979193}
  m_RootOrder: 1
  m_LocalEulerAnglesHint: {x: 0, y: 0, z: 0}
--- !u!114 &7857358432900124062
MonoBehaviour:
  m_ObjectHideFlags: 0
  m_CorrespondingSourceObject: {fileID: 0}
  m_PrefabInstance: {fileID: 0}
  m_PrefabAsset: {fileID: 0}
  m_GameObject: {fileID: 3977757283543666484}
  m_Enabled: 1
  m_EditorHideFlags: 0
  m_Script: {fileID: 11500000, guid: b62950894aad0194883236027b7f2301, type: 3}
  m_Name: 
  m_EditorClassIdentifier: 
  mType: 0
  mDetectLayers: 08000000
  mIsFixed: 0
--- !u!61 &3514045630080589511
BoxCollider2D:
  m_ObjectHideFlags: 0
  m_CorrespondingSourceObject: {fileID: 0}
  m_PrefabInstance: {fileID: 0}
  m_PrefabAsset: {fileID: 0}
  m_GameObject: {fileID: 3977757283543666484}
  m_Enabled: 1
  m_Density: 1
  m_Material: {fileID: 0}
  m_IsTrigger: 1
  m_UsedByEffector: 0
  m_UsedByComposite: 0
  m_Offset: {x: 0, y: 0}
  m_SpriteTilingProperty:
    border: {x: 0, y: 0, z: 0, w: 0}
    pivot: {x: 0, y: 0}
    oldSize: {x: 0, y: 0}
    newSize: {x: 0, y: 0}
    adaptiveTilingThreshold: 0
    drawMode: 0
    adaptiveTiling: 0
  m_AutoTiling: 0
  serializedVersion: 2
  m_Size: {x: 1, y: 0.2}
  m_EdgeRadius: 0
--- !u!1 &4177929012453449057
GameObject:
  m_ObjectHideFlags: 0
  m_CorrespondingSourceObject: {fileID: 0}
  m_PrefabInstance: {fileID: 0}
  m_PrefabAsset: {fileID: 0}
  serializedVersion: 6
  m_Component:
  - component: {fileID: 2876764044252831937}
  - component: {fileID: 3904371932487663232}
  m_Layer: 16
  m_Name: SpriteRenderer
  m_TagString: Untagged
  m_Icon: {fileID: 0}
  m_NavMeshLayer: 0
  m_StaticEditorFlags: 0
  m_IsActive: 1
--- !u!4 &2876764044252831937
Transform:
  m_ObjectHideFlags: 0
  m_CorrespondingSourceObject: {fileID: 0}
  m_PrefabInstance: {fileID: 0}
  m_PrefabAsset: {fileID: 0}
  m_GameObject: {fileID: 4177929012453449057}
  m_LocalRotation: {x: 0, y: -0, z: -0, w: 1}
  m_LocalPosition: {x: 0, y: -1.53, z: 0}
  m_LocalScale: {x: 1, y: 1, z: 1}
  m_Children: []
  m_Father: {fileID: 2129589569978342750}
  m_RootOrder: 0
  m_LocalEulerAnglesHint: {x: 0, y: 0, z: 0}
--- !u!212 &3904371932487663232
SpriteRenderer:
  m_ObjectHideFlags: 0
  m_CorrespondingSourceObject: {fileID: 0}
  m_PrefabInstance: {fileID: 0}
  m_PrefabAsset: {fileID: 0}
  m_GameObject: {fileID: 4177929012453449057}
  m_Enabled: 1
  m_CastShadows: 0
  m_ReceiveShadows: 0
  m_DynamicOccludee: 1
  m_MotionVectors: 1
  m_LightProbeUsage: 1
  m_ReflectionProbeUsage: 1
  m_RenderingLayerMask: 1
  m_RendererPriority: 0
  m_Materials:
  - {fileID: 10754, guid: 0000000000000000f000000000000000, type: 0}
  m_StaticBatchInfo:
    firstSubMesh: 0
    subMeshCount: 0
  m_StaticBatchRoot: {fileID: 0}
  m_ProbeAnchor: {fileID: 0}
  m_LightProbeVolumeOverride: {fileID: 0}
  m_ScaleInLightmap: 1
  m_PreserveUVs: 0
  m_IgnoreNormalsForChartDetection: 0
  m_ImportantGI: 0
  m_StitchLightmapSeams: 1
  m_SelectedEditorRenderState: 0
  m_MinimumChartSize: 4
  m_AutoUVMaxDistance: 0.5
  m_AutoUVMaxAngle: 89
  m_LightmapParameters: {fileID: 0}
  m_SortingLayerID: -1748566789
  m_SortingLayer: 4
  m_SortingOrder: 0
  m_Sprite: {fileID: 21300000, guid: 8a6acd562a00af84290ba843a703721f, type: 3}
  m_Color: {r: 1, g: 1, b: 1, a: 1}
  m_FlipX: 1
  m_FlipY: 0
  m_DrawMode: 0
  m_Size: {x: 5.25, y: 3.25}
  m_AdaptiveModeThreshold: 0.5
  m_SpriteTileMode: 0
  m_WasSpriteAssigned: 1
  m_MaskInteraction: 0
  m_SpriteSortPoint: 0
--- !u!1 &6111413336222604696
GameObject:
  m_ObjectHideFlags: 0
  m_CorrespondingSourceObject: {fileID: 0}
  m_PrefabInstance: {fileID: 0}
  m_PrefabAsset: {fileID: 0}
  serializedVersion: 6
  m_Component:
  - component: {fileID: 6915587162896202827}
  - component: {fileID: 2290116027348854386}
  - component: {fileID: 413317986133156950}
  - component: {fileID: 7857390560400691931}
  - component: {fileID: 8466758707456685161}
  - component: {fileID: 4323886339767166925}
  - component: {fileID: 2450342909410275786}
  - component: {fileID: 5664168248635184793}
  - component: {fileID: 5406225063008279081}
  - component: {fileID: 5407395882091716270}
  - component: {fileID: 4475743511284372373}
  - component: {fileID: 2334447273985338953}
  m_Layer: 16
  m_Name: Prefab_Monster_Bottom_Melee_EmpireMachineRanger
  m_TagString: Untagged
  m_Icon: {fileID: 0}
  m_NavMeshLayer: 0
  m_StaticEditorFlags: 0
  m_IsActive: 1
--- !u!4 &6915587162896202827
Transform:
  m_ObjectHideFlags: 0
  m_CorrespondingSourceObject: {fileID: 0}
  m_PrefabInstance: {fileID: 0}
  m_PrefabAsset: {fileID: 0}
  m_GameObject: {fileID: 6111413336222604696}
  m_LocalRotation: {x: 0, y: 0, z: 0, w: 1}
  m_LocalPosition: {x: 0, y: 0, z: 0}
  m_LocalScale: {x: 1, y: 1, z: 1}
  m_Children:
  - {fileID: 6884299367108979193}
  - {fileID: 5069220776886467946}
  - {fileID: 7051703156465573661}
  - {fileID: 7688107078540275174}
  m_Father: {fileID: 0}
  m_RootOrder: 0
  m_LocalEulerAnglesHint: {x: 0, y: 0, z: 0}
--- !u!50 &2290116027348854386
Rigidbody2D:
  serializedVersion: 4
  m_ObjectHideFlags: 0
  m_CorrespondingSourceObject: {fileID: 0}
  m_PrefabInstance: {fileID: 0}
  m_PrefabAsset: {fileID: 0}
  m_GameObject: {fileID: 6111413336222604696}
  m_BodyType: 0
  m_Simulated: 1
  m_UseFullKinematicContacts: 0
  m_UseAutoMass: 0
  m_Mass: 1
  m_LinearDrag: 0
  m_AngularDrag: 0.05
  m_GravityScale: 1
  m_Material: {fileID: 0}
  m_Interpolate: 0
  m_SleepingMode: 1
  m_CollisionDetection: 0
  m_Constraints: 4
--- !u!95 &413317986133156950
Animator:
  serializedVersion: 3
  m_ObjectHideFlags: 0
  m_CorrespondingSourceObject: {fileID: 0}
  m_PrefabInstance: {fileID: 0}
  m_PrefabAsset: {fileID: 0}
  m_GameObject: {fileID: 6111413336222604696}
  m_Enabled: 1
  m_Avatar: {fileID: 0}
  m_Controller: {fileID: 22100000, guid: 13ed375e25dfaaa4e8a20d7d6c34487e, type: 2}
  m_CullingMode: 0
  m_UpdateMode: 0
  m_ApplyRootMotion: 0
  m_LinearVelocityBlending: 0
  m_WarningMessage: 
  m_HasTransformHierarchy: 1
  m_AllowConstantClipSamplingOptimization: 1
  m_KeepAnimatorControllerStateOnDisable: 0
--- !u!114 &7857390560400691931
MonoBehaviour:
  m_ObjectHideFlags: 0
  m_CorrespondingSourceObject: {fileID: 0}
  m_PrefabInstance: {fileID: 0}
  m_PrefabAsset: {fileID: 0}
  m_GameObject: {fileID: 6111413336222604696}
  m_Enabled: 1
  m_EditorHideFlags: 0
  m_Script: {fileID: 11500000, guid: 994305575803ede48b0352a91da2ed07, type: 3}
  m_Name: 
  m_EditorClassIdentifier: 
--- !u!114 &8466758707456685161
MonoBehaviour:
  m_ObjectHideFlags: 0
  m_CorrespondingSourceObject: {fileID: 0}
  m_PrefabInstance: {fileID: 0}
  m_PrefabAsset: {fileID: 0}
  m_GameObject: {fileID: 6111413336222604696}
  m_Enabled: 1
  m_EditorHideFlags: 0
  m_Script: {fileID: 11500000, guid: e0ec9aa6dab2e4941a5d17cbb101f446, type: 3}
  m_Name: 
  m_EditorClassIdentifier: 
--- !u!114 &4323886339767166925
MonoBehaviour:
  m_ObjectHideFlags: 0
  m_CorrespondingSourceObject: {fileID: 0}
  m_PrefabInstance: {fileID: 0}
  m_PrefabAsset: {fileID: 0}
  m_GameObject: {fileID: 6111413336222604696}
  m_Enabled: 1
  m_EditorHideFlags: 0
  m_Script: {fileID: 11500000, guid: 6c496a7bdade7cb4b896a5dd74ac5059, type: 3}
  m_Name: 
  m_EditorClassIdentifier: 
--- !u!114 &2450342909410275786
MonoBehaviour:
  m_ObjectHideFlags: 0
  m_CorrespondingSourceObject: {fileID: 0}
  m_PrefabInstance: {fileID: 0}
  m_PrefabAsset: {fileID: 0}
  m_GameObject: {fileID: 6111413336222604696}
  m_Enabled: 1
  m_EditorHideFlags: 0
  m_Script: {fileID: 11500000, guid: 31c7fe22136340b49993645a658de6d9, type: 3}
  m_Name: 
  m_EditorClassIdentifier: 
--- !u!114 &5664168248635184793
MonoBehaviour:
  m_ObjectHideFlags: 0
  m_CorrespondingSourceObject: {fileID: 0}
  m_PrefabInstance: {fileID: 0}
  m_PrefabAsset: {fileID: 0}
  m_GameObject: {fileID: 6111413336222604696}
  m_Enabled: 1
  m_EditorHideFlags: 0
  m_Script: {fileID: 11500000, guid: de428bc0e18175249b9120c08b15e314, type: 3}
  m_Name: 
  m_EditorClassIdentifier: 
--- !u!114 &5406225063008279081
MonoBehaviour:
  m_ObjectHideFlags: 0
  m_CorrespondingSourceObject: {fileID: 0}
  m_PrefabInstance: {fileID: 0}
  m_PrefabAsset: {fileID: 0}
  m_GameObject: {fileID: 6111413336222604696}
  m_Enabled: 1
  m_EditorHideFlags: 0
  m_Script: {fileID: 11500000, guid: b8dbeb9ee993e6b4aa82bb4a9e2db485, type: 3}
  m_Name: 
  m_EditorClassIdentifier: 
--- !u!114 &5407395882091716270
MonoBehaviour:
  m_ObjectHideFlags: 0
  m_CorrespondingSourceObject: {fileID: 0}
  m_PrefabInstance: {fileID: 0}
  m_PrefabAsset: {fileID: 0}
  m_GameObject: {fileID: 6111413336222604696}
  m_Enabled: 1
  m_EditorHideFlags: 0
  m_Script: {fileID: 11500000, guid: ee12946e6beaf9745a3941a54c989290, type: 3}
  m_Name: 
  m_EditorClassIdentifier: 
--- !u!114 &4475743511284372373
MonoBehaviour:
  m_ObjectHideFlags: 0
  m_CorrespondingSourceObject: {fileID: 0}
  m_PrefabInstance: {fileID: 0}
  m_PrefabAsset: {fileID: 0}
  m_GameObject: {fileID: 6111413336222604696}
  m_Enabled: 1
  m_EditorHideFlags: 0
  m_Script: {fileID: 11500000, guid: 01038e47fb790b147a8f2d1690df98ce, type: 3}
  m_Name: 
  m_EditorClassIdentifier: 
  mIcon: {fileID: 0}
  mSize: 0
  mMainTransform: {fileID: 6884299367108979193}
  mMainRenderer: {fileID: 3904371932487663232}
  mMainCollider: {fileID: 1083053879138420341}
  mMonsterType: 3
  mElementalType: 1
  mType: 0
  mMonsterRank: 0
  mSkills: 00000000
--- !u!114 &2334447273985338953
MonoBehaviour:
  m_ObjectHideFlags: 0
  m_CorrespondingSourceObject: {fileID: 0}
  m_PrefabInstance: {fileID: 0}
  m_PrefabAsset: {fileID: 0}
  m_GameObject: {fileID: 6111413336222604696}
  m_Enabled: 1
  m_EditorHideFlags: 0
  m_Script: {fileID: 11500000, guid: 92ec21fa71180694db58394743335215, type: 3}
  m_Name: 
  m_EditorClassIdentifier: 
--- !u!1 &7096584778986043621
GameObject:
  m_ObjectHideFlags: 0
  m_CorrespondingSourceObject: {fileID: 0}
  m_PrefabInstance: {fileID: 0}
  m_PrefabAsset: {fileID: 0}
  serializedVersion: 6
  m_Component:
  - component: {fileID: 6975853456044313256}
  - component: {fileID: 4623666617464115361}
  m_Layer: 16
  m_Name: Attack_Reflex
  m_TagString: Untagged
  m_Icon: {fileID: 0}
  m_NavMeshLayer: 0
  m_StaticEditorFlags: 0
  m_IsActive: 1
--- !u!4 &6975853456044313256
Transform:
  m_ObjectHideFlags: 0
  m_CorrespondingSourceObject: {fileID: 0}
  m_PrefabInstance: {fileID: 0}
  m_PrefabAsset: {fileID: 0}
  m_GameObject: {fileID: 7096584778986043621}
  m_LocalRotation: {x: 0, y: 0, z: 0, w: 1}
  m_LocalPosition: {x: -20, y: -5, z: 0}
  m_LocalScale: {x: 1, y: 1, z: 1}
  m_Children: []
  m_Father: {fileID: 6884299367108979193}
  m_RootOrder: 3
  m_LocalEulerAnglesHint: {x: 0, y: 0, z: 0}
--- !u!114 &4623666617464115361
MonoBehaviour:
  m_ObjectHideFlags: 0
  m_CorrespondingSourceObject: {fileID: 0}
  m_PrefabInstance: {fileID: 0}
  m_PrefabAsset: {fileID: 0}
  m_GameObject: {fileID: 7096584778986043621}
  m_Enabled: 1
  m_EditorHideFlags: 0
  m_Script: {fileID: 11500000, guid: c47fc3b55d8e1014596357dbb4d0a08b, type: 3}
  m_Name: 
  m_EditorClassIdentifier: 
  mType: 0
--- !u!1001 &2461107436216125730
PrefabInstance:
  m_ObjectHideFlags: 0
  serializedVersion: 2
  m_Modification:
    m_TransformParent: {fileID: 6915587162896202827}
    m_Modifications:
    - target: {fileID: 4766886005590025917, guid: c43a6e039e6579c4f85eb65859ffbdbd,
        type: 3}
      propertyPath: m_Name
      value: Prefab_Bar_Casting
      objectReference: {fileID: 0}
    - target: {fileID: 5230430190818239684, guid: c43a6e039e6579c4f85eb65859ffbdbd,
        type: 3}
      propertyPath: m_LocalPosition.x
      value: 0
      objectReference: {fileID: 0}
    - target: {fileID: 5230430190818239684, guid: c43a6e039e6579c4f85eb65859ffbdbd,
        type: 3}
      propertyPath: m_LocalPosition.y
      value: 2.89
      objectReference: {fileID: 0}
    - target: {fileID: 5230430190818239684, guid: c43a6e039e6579c4f85eb65859ffbdbd,
        type: 3}
      propertyPath: m_LocalPosition.z
      value: 0
      objectReference: {fileID: 0}
    - target: {fileID: 5230430190818239684, guid: c43a6e039e6579c4f85eb65859ffbdbd,
        type: 3}
      propertyPath: m_LocalRotation.x
      value: 0
      objectReference: {fileID: 0}
    - target: {fileID: 5230430190818239684, guid: c43a6e039e6579c4f85eb65859ffbdbd,
        type: 3}
      propertyPath: m_LocalRotation.y
      value: 0
      objectReference: {fileID: 0}
    - target: {fileID: 5230430190818239684, guid: c43a6e039e6579c4f85eb65859ffbdbd,
        type: 3}
      propertyPath: m_LocalRotation.z
      value: 0
      objectReference: {fileID: 0}
    - target: {fileID: 5230430190818239684, guid: c43a6e039e6579c4f85eb65859ffbdbd,
        type: 3}
      propertyPath: m_LocalRotation.w
      value: 1
      objectReference: {fileID: 0}
    - target: {fileID: 5230430190818239684, guid: c43a6e039e6579c4f85eb65859ffbdbd,
        type: 3}
      propertyPath: m_RootOrder
      value: 3
      objectReference: {fileID: 0}
    - target: {fileID: 5230430190818239684, guid: c43a6e039e6579c4f85eb65859ffbdbd,
        type: 3}
      propertyPath: m_LocalEulerAnglesHint.x
      value: 0
      objectReference: {fileID: 0}
    - target: {fileID: 5230430190818239684, guid: c43a6e039e6579c4f85eb65859ffbdbd,
        type: 3}
      propertyPath: m_LocalEulerAnglesHint.y
      value: 0
      objectReference: {fileID: 0}
    - target: {fileID: 5230430190818239684, guid: c43a6e039e6579c4f85eb65859ffbdbd,
        type: 3}
      propertyPath: m_LocalEulerAnglesHint.z
      value: 0
      objectReference: {fileID: 0}
    m_RemovedComponents: []
  m_SourcePrefab: {fileID: 100100000, guid: c43a6e039e6579c4f85eb65859ffbdbd, type: 3}
--- !u!4 &7688107078540275174 stripped
Transform:
  m_CorrespondingSourceObject: {fileID: 5230430190818239684, guid: c43a6e039e6579c4f85eb65859ffbdbd,
    type: 3}
  m_PrefabInstance: {fileID: 2461107436216125730}
  m_PrefabAsset: {fileID: 0}
--- !u!1001 &4283258736980674284
PrefabInstance:
  m_ObjectHideFlags: 0
  serializedVersion: 2
  m_Modification:
    m_TransformParent: {fileID: 6915587162896202827}
    m_Modifications:
    - target: {fileID: 260505404538687608, guid: 1ce60f503ab428349a4beb3bb49a130b,
        type: 3}
      propertyPath: m_Name
      value: Prefab_Debuffs
      objectReference: {fileID: 0}
    - target: {fileID: 9018542164124810118, guid: 1ce60f503ab428349a4beb3bb49a130b,
        type: 3}
      propertyPath: m_LocalPosition.x
      value: 0
      objectReference: {fileID: 0}
    - target: {fileID: 9018542164124810118, guid: 1ce60f503ab428349a4beb3bb49a130b,
        type: 3}
      propertyPath: m_LocalPosition.y
      value: 0
      objectReference: {fileID: 0}
    - target: {fileID: 9018542164124810118, guid: 1ce60f503ab428349a4beb3bb49a130b,
        type: 3}
      propertyPath: m_LocalPosition.z
      value: 0
      objectReference: {fileID: 0}
    - target: {fileID: 9018542164124810118, guid: 1ce60f503ab428349a4beb3bb49a130b,
        type: 3}
      propertyPath: m_LocalRotation.x
      value: 0
      objectReference: {fileID: 0}
    - target: {fileID: 9018542164124810118, guid: 1ce60f503ab428349a4beb3bb49a130b,
        type: 3}
      propertyPath: m_LocalRotation.y
      value: 0
      objectReference: {fileID: 0}
    - target: {fileID: 9018542164124810118, guid: 1ce60f503ab428349a4beb3bb49a130b,
        type: 3}
      propertyPath: m_LocalRotation.z
      value: 0
      objectReference: {fileID: 0}
    - target: {fileID: 9018542164124810118, guid: 1ce60f503ab428349a4beb3bb49a130b,
        type: 3}
      propertyPath: m_LocalRotation.w
      value: 1
      objectReference: {fileID: 0}
    - target: {fileID: 9018542164124810118, guid: 1ce60f503ab428349a4beb3bb49a130b,
        type: 3}
      propertyPath: m_RootOrder
      value: 1
      objectReference: {fileID: 0}
    - target: {fileID: 9018542164124810118, guid: 1ce60f503ab428349a4beb3bb49a130b,
        type: 3}
      propertyPath: m_LocalEulerAnglesHint.x
      value: 0
      objectReference: {fileID: 0}
    - target: {fileID: 9018542164124810118, guid: 1ce60f503ab428349a4beb3bb49a130b,
        type: 3}
      propertyPath: m_LocalEulerAnglesHint.y
      value: 0
      objectReference: {fileID: 0}
    - target: {fileID: 9018542164124810118, guid: 1ce60f503ab428349a4beb3bb49a130b,
        type: 3}
      propertyPath: m_LocalEulerAnglesHint.z
      value: 0
      objectReference: {fileID: 0}
    - target: {fileID: 5303523300012547356, guid: 1ce60f503ab428349a4beb3bb49a130b,
        type: 3}
      propertyPath: m_WasSpriteAssigned
      value: 0
      objectReference: {fileID: 0}
    m_RemovedComponents: []
  m_SourcePrefab: {fileID: 100100000, guid: 1ce60f503ab428349a4beb3bb49a130b, type: 3}
--- !u!4 &5069220776886467946 stripped
Transform:
  m_CorrespondingSourceObject: {fileID: 9018542164124810118, guid: 1ce60f503ab428349a4beb3bb49a130b,
    type: 3}
  m_PrefabInstance: {fileID: 4283258736980674284}
  m_PrefabAsset: {fileID: 0}
--- !u!1001 &5891813905058423585
PrefabInstance:
  m_ObjectHideFlags: 0
  serializedVersion: 2
  m_Modification:
    m_TransformParent: {fileID: 6915587162896202827}
    m_Modifications:
    - target: {fileID: 4228345910903258693, guid: 688aaab1decd1704d9f10a69c420b855,
        type: 3}
      propertyPath: m_Name
      value: Prefab_Bar_Life
      objectReference: {fileID: 0}
    - target: {fileID: 3467564107427183676, guid: 688aaab1decd1704d9f10a69c420b855,
        type: 3}
      propertyPath: m_LocalPosition.x
      value: 0
      objectReference: {fileID: 0}
    - target: {fileID: 3467564107427183676, guid: 688aaab1decd1704d9f10a69c420b855,
        type: 3}
      propertyPath: m_LocalPosition.y
      value: -0.54999995
      objectReference: {fileID: 0}
    - target: {fileID: 3467564107427183676, guid: 688aaab1decd1704d9f10a69c420b855,
        type: 3}
      propertyPath: m_LocalPosition.z
      value: 0
      objectReference: {fileID: 0}
    - target: {fileID: 3467564107427183676, guid: 688aaab1decd1704d9f10a69c420b855,
        type: 3}
      propertyPath: m_LocalRotation.x
      value: 0
      objectReference: {fileID: 0}
    - target: {fileID: 3467564107427183676, guid: 688aaab1decd1704d9f10a69c420b855,
        type: 3}
      propertyPath: m_LocalRotation.y
      value: 0
      objectReference: {fileID: 0}
    - target: {fileID: 3467564107427183676, guid: 688aaab1decd1704d9f10a69c420b855,
        type: 3}
      propertyPath: m_LocalRotation.z
      value: 0
      objectReference: {fileID: 0}
    - target: {fileID: 3467564107427183676, guid: 688aaab1decd1704d9f10a69c420b855,
        type: 3}
      propertyPath: m_LocalRotation.w
      value: 1
      objectReference: {fileID: 0}
    - target: {fileID: 3467564107427183676, guid: 688aaab1decd1704d9f10a69c420b855,
        type: 3}
      propertyPath: m_RootOrder
      value: 2
      objectReference: {fileID: 0}
    - target: {fileID: 3467564107427183676, guid: 688aaab1decd1704d9f10a69c420b855,
        type: 3}
      propertyPath: m_LocalEulerAnglesHint.x
      value: 0
      objectReference: {fileID: 0}
    - target: {fileID: 3467564107427183676, guid: 688aaab1decd1704d9f10a69c420b855,
        type: 3}
      propertyPath: m_LocalEulerAnglesHint.y
      value: 0
      objectReference: {fileID: 0}
    - target: {fileID: 3467564107427183676, guid: 688aaab1decd1704d9f10a69c420b855,
        type: 3}
      propertyPath: m_LocalEulerAnglesHint.z
      value: 0
      objectReference: {fileID: 0}
    m_RemovedComponents: []
  m_SourcePrefab: {fileID: 100100000, guid: 688aaab1decd1704d9f10a69c420b855, type: 3}
--- !u!4 &7051703156465573661 stripped
Transform:
  m_CorrespondingSourceObject: {fileID: 3467564107427183676, guid: 688aaab1decd1704d9f10a69c420b855,
    type: 3}
  m_PrefabInstance: {fileID: 5891813905058423585}
  m_PrefabAsset: {fileID: 0}
--- !u!1001 &6151629774582916576
PrefabInstance:
  m_ObjectHideFlags: 0
  serializedVersion: 2
  m_Modification:
    m_TransformParent: {fileID: 6884299367108979193}
    m_Modifications:
    - target: {fileID: 6079620930321225259, guid: 3932505b6bdacfa438de1e11c6272031,
        type: 3}
      propertyPath: m_Name
      value: Prefab_Skill_ArcaneRush
      objectReference: {fileID: 0}
    - target: {fileID: 7950783840826320253, guid: 3932505b6bdacfa438de1e11c6272031,
        type: 3}
      propertyPath: m_LocalPosition.x
      value: 0
      objectReference: {fileID: 0}
    - target: {fileID: 7950783840826320253, guid: 3932505b6bdacfa438de1e11c6272031,
        type: 3}
      propertyPath: m_LocalPosition.y
      value: 0
      objectReference: {fileID: 0}
    - target: {fileID: 7950783840826320253, guid: 3932505b6bdacfa438de1e11c6272031,
        type: 3}
      propertyPath: m_LocalPosition.z
      value: 0
      objectReference: {fileID: 0}
    - target: {fileID: 7950783840826320253, guid: 3932505b6bdacfa438de1e11c6272031,
        type: 3}
      propertyPath: m_LocalRotation.x
      value: 0
      objectReference: {fileID: 0}
    - target: {fileID: 7950783840826320253, guid: 3932505b6bdacfa438de1e11c6272031,
        type: 3}
      propertyPath: m_LocalRotation.y
      value: 0
      objectReference: {fileID: 0}
    - target: {fileID: 7950783840826320253, guid: 3932505b6bdacfa438de1e11c6272031,
        type: 3}
      propertyPath: m_LocalRotation.z
      value: 0
      objectReference: {fileID: 0}
    - target: {fileID: 7950783840826320253, guid: 3932505b6bdacfa438de1e11c6272031,
        type: 3}
      propertyPath: m_LocalRotation.w
      value: 1
      objectReference: {fileID: 0}
    - target: {fileID: 7950783840826320253, guid: 3932505b6bdacfa438de1e11c6272031,
        type: 3}
      propertyPath: m_RootOrder
      value: 5
      objectReference: {fileID: 0}
    - target: {fileID: 7950783840826320253, guid: 3932505b6bdacfa438de1e11c6272031,
        type: 3}
      propertyPath: m_LocalEulerAnglesHint.x
      value: 0
      objectReference: {fileID: 0}
    - target: {fileID: 7950783840826320253, guid: 3932505b6bdacfa438de1e11c6272031,
        type: 3}
      propertyPath: m_LocalEulerAnglesHint.y
      value: 0
      objectReference: {fileID: 0}
    - target: {fileID: 7950783840826320253, guid: 3932505b6bdacfa438de1e11c6272031,
        type: 3}
      propertyPath: m_LocalEulerAnglesHint.z
      value: 0
      objectReference: {fileID: 0}
    m_RemovedComponents: []
  m_SourcePrefab: {fileID: 100100000, guid: 3932505b6bdacfa438de1e11c6272031, type: 3}
--- !u!4 &4253686582267429021 stripped
Transform:
  m_CorrespondingSourceObject: {fileID: 7950783840826320253, guid: 3932505b6bdacfa438de1e11c6272031,
    type: 3}
  m_PrefabInstance: {fileID: 6151629774582916576}
  m_PrefabAsset: {fileID: 0}
--- !u!1001 &8620690100488721914
PrefabInstance:
  m_ObjectHideFlags: 0
  serializedVersion: 2
  m_Modification:
    m_TransformParent: {fileID: 6884299367108979193}
    m_Modifications:
    - target: {fileID: 1969557670409933797, guid: 581d862fe78bea6408c7f0a9c78a9fce,
        type: 3}
      propertyPath: m_Name
      value: Prefab_ParticleSystem_Hit
      objectReference: {fileID: 0}
    - target: {fileID: 1969557670409933798, guid: 581d862fe78bea6408c7f0a9c78a9fce,
        type: 3}
      propertyPath: m_LocalPosition.x
      value: -0.84
      objectReference: {fileID: 0}
    - target: {fileID: 1969557670409933798, guid: 581d862fe78bea6408c7f0a9c78a9fce,
        type: 3}
      propertyPath: m_LocalPosition.y
      value: 1.26
      objectReference: {fileID: 0}
    - target: {fileID: 1969557670409933798, guid: 581d862fe78bea6408c7f0a9c78a9fce,
        type: 3}
      propertyPath: m_LocalPosition.z
      value: 0
      objectReference: {fileID: 0}
    - target: {fileID: 1969557670409933798, guid: 581d862fe78bea6408c7f0a9c78a9fce,
        type: 3}
      propertyPath: m_LocalRotation.x
      value: -0
      objectReference: {fileID: 0}
    - target: {fileID: 1969557670409933798, guid: 581d862fe78bea6408c7f0a9c78a9fce,
        type: 3}
      propertyPath: m_LocalRotation.y
      value: 0
      objectReference: {fileID: 0}
    - target: {fileID: 1969557670409933798, guid: 581d862fe78bea6408c7f0a9c78a9fce,
        type: 3}
      propertyPath: m_LocalRotation.z
      value: -0.4463342
      objectReference: {fileID: 0}
    - target: {fileID: 1969557670409933798, guid: 581d862fe78bea6408c7f0a9c78a9fce,
        type: 3}
      propertyPath: m_LocalRotation.w
      value: 0.89486635
      objectReference: {fileID: 0}
    - target: {fileID: 1969557670409933798, guid: 581d862fe78bea6408c7f0a9c78a9fce,
        type: 3}
      propertyPath: m_RootOrder
      value: 4
      objectReference: {fileID: 0}
    - target: {fileID: 1969557670409933798, guid: 581d862fe78bea6408c7f0a9c78a9fce,
        type: 3}
      propertyPath: m_LocalEulerAnglesHint.x
      value: 0
      objectReference: {fileID: 0}
    - target: {fileID: 1969557670409933798, guid: 581d862fe78bea6408c7f0a9c78a9fce,
        type: 3}
      propertyPath: m_LocalEulerAnglesHint.y
      value: 0
      objectReference: {fileID: 0}
    - target: {fileID: 1969557670409933798, guid: 581d862fe78bea6408c7f0a9c78a9fce,
        type: 3}
      propertyPath: m_LocalEulerAnglesHint.z
      value: -53.017002
      objectReference: {fileID: 0}
    m_RemovedComponents: []
  m_SourcePrefab: {fileID: 100100000, guid: 581d862fe78bea6408c7f0a9c78a9fce, type: 3}
--- !u!4 &7851904715392894492 stripped
Transform:
  m_CorrespondingSourceObject: {fileID: 1969557670409933798, guid: 581d862fe78bea6408c7f0a9c78a9fce,
    type: 3}
  m_PrefabInstance: {fileID: 8620690100488721914}
  m_PrefabAsset: {fileID: 0}
