%YAML 1.1
%TAG !u! tag:unity3d.com,2011:
--- !u!1 &2050297173164144865
GameObject:
  m_ObjectHideFlags: 0
  m_CorrespondingSourceObject: {fileID: 0}
  m_PrefabInstance: {fileID: 0}
  m_PrefabAsset: {fileID: 0}
  serializedVersion: 6
  m_Component:
  - component: {fileID: 1683534289936865586}
  - component: {fileID: 7420125772666363932}
  - component: {fileID: 6336980302743726342}
  - component: {fileID: 428757829017519983}
  - component: {fileID: 800346588397482355}
  - component: {fileID: 6299449572070720267}
  - component: {fileID: 5555298865478009135}
  - component: {fileID: 2715401691720415138}
  - component: {fileID: 4457433649690382608}
  - component: {fileID: 8405269216008192692}
  - component: {fileID: 6723232863934998967}
  - component: {fileID: 7847946924589498248}
  m_Layer: 16
  m_Name: Prefab_Monster_Bottom_Normal_LavacradleLobsterSoldier
  m_TagString: Untagged
  m_Icon: {fileID: 0}
  m_NavMeshLayer: 0
  m_StaticEditorFlags: 0
  m_IsActive: 1
--- !u!4 &1683534289936865586
Transform:
  m_ObjectHideFlags: 0
  m_CorrespondingSourceObject: {fileID: 0}
  m_PrefabInstance: {fileID: 0}
  m_PrefabAsset: {fileID: 0}
  m_GameObject: {fileID: 2050297173164144865}
  m_LocalRotation: {x: 0, y: 0, z: 0, w: 1}
  m_LocalPosition: {x: 0, y: 0, z: 0}
  m_LocalScale: {x: 1, y: 1, z: 1}
  m_Children:
  - {fileID: 1670261149611297920}
  - {fileID: 1080152623066470419}
  - {fileID: 2988326158559099492}
  m_Father: {fileID: 0}
  m_RootOrder: 0
  m_LocalEulerAnglesHint: {x: 0, y: 0, z: 0}
--- !u!114 &7420125772666363932
MonoBehaviour:
  m_ObjectHideFlags: 0
  m_CorrespondingSourceObject: {fileID: 0}
  m_PrefabInstance: {fileID: 0}
  m_PrefabAsset: {fileID: 0}
  m_GameObject: {fileID: 2050297173164144865}
  m_Enabled: 1
  m_EditorHideFlags: 0
  m_Script: {fileID: 11500000, guid: 29cc1084e38a5bc44ba00b8a217da54e, type: 3}
  m_Name: 
  m_EditorClassIdentifier: 
--- !u!114 &6336980302743726342
MonoBehaviour:
  m_ObjectHideFlags: 0
  m_CorrespondingSourceObject: {fileID: 0}
  m_PrefabInstance: {fileID: 0}
  m_PrefabAsset: {fileID: 0}
  m_GameObject: {fileID: 2050297173164144865}
  m_Enabled: 1
  m_EditorHideFlags: 0
  m_Script: {fileID: 11500000, guid: 8a3f73ef8de2a5e4eba4a2f9f67ca943, type: 3}
  m_Name: 
  m_EditorClassIdentifier: 
--- !u!114 &428757829017519983
MonoBehaviour:
  m_ObjectHideFlags: 0
  m_CorrespondingSourceObject: {fileID: 0}
  m_PrefabInstance: {fileID: 0}
  m_PrefabAsset: {fileID: 0}
  m_GameObject: {fileID: 2050297173164144865}
  m_Enabled: 1
  m_EditorHideFlags: 0
  m_Script: {fileID: 11500000, guid: 533dc2c50bfd0bd4cafa4a580f468f82, type: 3}
  m_Name: 
  m_EditorClassIdentifier: 
--- !u!114 &800346588397482355
MonoBehaviour:
  m_ObjectHideFlags: 0
  m_CorrespondingSourceObject: {fileID: 0}
  m_PrefabInstance: {fileID: 0}
  m_PrefabAsset: {fileID: 0}
  m_GameObject: {fileID: 2050297173164144865}
  m_Enabled: 1
  m_EditorHideFlags: 0
  m_Script: {fileID: 11500000, guid: 2e0cca6087611e84597ca0b2ac6efe01, type: 3}
  m_Name: 
  m_EditorClassIdentifier: 
--- !u!50 &6299449572070720267
Rigidbody2D:
  serializedVersion: 4
  m_ObjectHideFlags: 0
  m_CorrespondingSourceObject: {fileID: 0}
  m_PrefabInstance: {fileID: 0}
  m_PrefabAsset: {fileID: 0}
  m_GameObject: {fileID: 2050297173164144865}
  m_BodyType: 0
  m_Simulated: 1
  m_UseFullKinematicContacts: 0
  m_UseAutoMass: 0
  m_Mass: 1
  m_LinearDrag: 0
  m_AngularDrag: 0.05
  m_GravityScale: 1
  m_Material: {fileID: 0}
  m_Interpolate: 0
  m_SleepingMode: 1
  m_CollisionDetection: 0
  m_Constraints: 4
--- !u!95 &5555298865478009135
Animator:
  serializedVersion: 3
  m_ObjectHideFlags: 0
  m_CorrespondingSourceObject: {fileID: 0}
  m_PrefabInstance: {fileID: 0}
  m_PrefabAsset: {fileID: 0}
  m_GameObject: {fileID: 2050297173164144865}
  m_Enabled: 1
  m_Avatar: {fileID: 0}
  m_Controller: {fileID: 22100000, guid: 0d69730557b5b3d4a86ce30f1affde0a, type: 2}
  m_CullingMode: 0
  m_UpdateMode: 0
  m_ApplyRootMotion: 0
  m_LinearVelocityBlending: 0
  m_WarningMessage: 
  m_HasTransformHierarchy: 1
  m_AllowConstantClipSamplingOptimization: 1
  m_KeepAnimatorControllerStateOnDisable: 0
--- !u!114 &2715401691720415138
MonoBehaviour:
  m_ObjectHideFlags: 0
  m_CorrespondingSourceObject: {fileID: 0}
  m_PrefabInstance: {fileID: 0}
  m_PrefabAsset: {fileID: 0}
  m_GameObject: {fileID: 2050297173164144865}
  m_Enabled: 1
  m_EditorHideFlags: 0
  m_Script: {fileID: 11500000, guid: 994305575803ede48b0352a91da2ed07, type: 3}
  m_Name: 
  m_EditorClassIdentifier: 
--- !u!114 &4457433649690382608
MonoBehaviour:
  m_ObjectHideFlags: 0
  m_CorrespondingSourceObject: {fileID: 0}
  m_PrefabInstance: {fileID: 0}
  m_PrefabAsset: {fileID: 0}
  m_GameObject: {fileID: 2050297173164144865}
  m_Enabled: 1
  m_EditorHideFlags: 0
  m_Script: {fileID: 11500000, guid: e0ec9aa6dab2e4941a5d17cbb101f446, type: 3}
  m_Name: 
  m_EditorClassIdentifier: 
--- !u!114 &8405269216008192692
MonoBehaviour:
  m_ObjectHideFlags: 0
  m_CorrespondingSourceObject: {fileID: 0}
  m_PrefabInstance: {fileID: 0}
  m_PrefabAsset: {fileID: 0}
  m_GameObject: {fileID: 2050297173164144865}
  m_Enabled: 1
  m_EditorHideFlags: 0
  m_Script: {fileID: 11500000, guid: 6c496a7bdade7cb4b896a5dd74ac5059, type: 3}
  m_Name: 
  m_EditorClassIdentifier: 
--- !u!114 &6723232863934998967
MonoBehaviour:
  m_ObjectHideFlags: 0
  m_CorrespondingSourceObject: {fileID: 0}
  m_PrefabInstance: {fileID: 0}
  m_PrefabAsset: {fileID: 0}
  m_GameObject: {fileID: 2050297173164144865}
  m_Enabled: 1
  m_EditorHideFlags: 0
  m_Script: {fileID: 11500000, guid: 584722d2ae8dd7b4b9e7fb48839d8a44, type: 3}
  m_Name: 
  m_EditorClassIdentifier: 
  mIcon: {fileID: 0}
  mSize: 0
  mMainTransform: {fileID: 1670261149611297920}
  mMainRenderer: {fileID: 6063843670344626224}
  mMainCollider: {fileID: 5162184715593720588}
  mMonsterType: 2
  mElementalType: 0
  mType: 2
  mMonsterRank: 0
  mHitParticle: {fileID: 2617600576203580260}
  mSkills: 
--- !u!114 &7847946924589498248
MonoBehaviour:
  m_ObjectHideFlags: 0
  m_CorrespondingSourceObject: {fileID: 0}
  m_PrefabInstance: {fileID: 0}
  m_PrefabAsset: {fileID: 0}
  m_GameObject: {fileID: 2050297173164144865}
  m_Enabled: 1
  m_EditorHideFlags: 0
  m_Script: {fileID: 11500000, guid: 92ec21fa71180694db58394743335215, type: 3}
  m_Name: 
  m_EditorClassIdentifier: 
--- !u!1 &3087259497310559644
GameObject:
  m_ObjectHideFlags: 0
  m_CorrespondingSourceObject: {fileID: 0}
  m_PrefabInstance: {fileID: 0}
  m_PrefabAsset: {fileID: 0}
  serializedVersion: 6
  m_Component:
  - component: {fileID: 2912476164536561617}
  - component: {fileID: 7093604358076097075}
  m_Layer: 16
  m_Name: Attack_Attack
  m_TagString: Untagged
  m_Icon: {fileID: 0}
  m_NavMeshLayer: 0
  m_StaticEditorFlags: 0
  m_IsActive: 1
--- !u!4 &2912476164536561617
Transform:
  m_ObjectHideFlags: 0
  m_CorrespondingSourceObject: {fileID: 0}
  m_PrefabInstance: {fileID: 0}
  m_PrefabAsset: {fileID: 0}
  m_GameObject: {fileID: 3087259497310559644}
  m_LocalRotation: {x: 0, y: 0, z: 0, w: 1}
  m_LocalPosition: {x: -20, y: -5, z: 0}
  m_LocalScale: {x: 1, y: 1, z: 1}
  m_Children: []
  m_Father: {fileID: 1670261149611297920}
  m_RootOrder: 3
  m_LocalEulerAnglesHint: {x: 0, y: 0, z: 0}
--- !u!114 &7093604358076097075
MonoBehaviour:
  m_ObjectHideFlags: 0
  m_CorrespondingSourceObject: {fileID: 0}
  m_PrefabInstance: {fileID: 0}
  m_PrefabAsset: {fileID: 0}
  m_GameObject: {fileID: 3087259497310559644}
  m_Enabled: 1
  m_EditorHideFlags: 0
  m_Script: {fileID: 11500000, guid: 3387e760465ba1248b48bc4ac8ac7d79, type: 3}
  m_Name: 
  m_EditorClassIdentifier: 
  mType: 0
--- !u!1 &5192492815543812349
GameObject:
  m_ObjectHideFlags: 0
  m_CorrespondingSourceObject: {fileID: 0}
  m_PrefabInstance: {fileID: 0}
  m_PrefabAsset: {fileID: 0}
  serializedVersion: 6
  m_Component:
  - component: {fileID: 4864962220050564071}
  m_Layer: 16
  m_Name: RendererHolder
  m_TagString: Untagged
  m_Icon: {fileID: 0}
  m_NavMeshLayer: 0
  m_StaticEditorFlags: 0
  m_IsActive: 1
--- !u!4 &4864962220050564071
Transform:
  m_ObjectHideFlags: 0
  m_CorrespondingSourceObject: {fileID: 0}
  m_PrefabInstance: {fileID: 0}
  m_PrefabAsset: {fileID: 0}
  m_GameObject: {fileID: 5192492815543812349}
  m_LocalRotation: {x: -0, y: -0, z: -0, w: 1}
  m_LocalPosition: {x: 0, y: 1.53, z: 0}
  m_LocalScale: {x: 1, y: 1, z: 1}
  m_Children:
  - {fileID: 2558989652393192420}
  m_Father: {fileID: 1670261149611297920}
  m_RootOrder: 0
  m_LocalEulerAnglesHint: {x: 0, y: 0, z: 0}
--- !u!1 &5563582244985573265
GameObject:
  m_ObjectHideFlags: 0
  m_CorrespondingSourceObject: {fileID: 0}
  m_PrefabInstance: {fileID: 0}
  m_PrefabAsset: {fileID: 0}
  serializedVersion: 6
  m_Component:
  - component: {fileID: 2558989652393192420}
  - component: {fileID: 6063843670344626224}
  m_Layer: 16
  m_Name: SpriteRenderer
  m_TagString: Untagged
  m_Icon: {fileID: 0}
  m_NavMeshLayer: 0
  m_StaticEditorFlags: 0
  m_IsActive: 1
--- !u!4 &2558989652393192420
Transform:
  m_ObjectHideFlags: 0
  m_CorrespondingSourceObject: {fileID: 0}
  m_PrefabInstance: {fileID: 0}
  m_PrefabAsset: {fileID: 0}
  m_GameObject: {fileID: 5563582244985573265}
  m_LocalRotation: {x: -0, y: -0, z: 0, w: 1}
  m_LocalPosition: {x: 0, y: -1.53, z: 0}
  m_LocalScale: {x: 1, y: 1, z: 1}
  m_Children: []
  m_Father: {fileID: 4864962220050564071}
  m_RootOrder: 0
  m_LocalEulerAnglesHint: {x: 0, y: 0, z: 0}
--- !u!212 &6063843670344626224
SpriteRenderer:
  m_ObjectHideFlags: 0
  m_CorrespondingSourceObject: {fileID: 0}
  m_PrefabInstance: {fileID: 0}
  m_PrefabAsset: {fileID: 0}
  m_GameObject: {fileID: 5563582244985573265}
  m_Enabled: 1
  m_CastShadows: 0
  m_ReceiveShadows: 0
  m_DynamicOccludee: 1
  m_MotionVectors: 1
  m_LightProbeUsage: 1
  m_ReflectionProbeUsage: 1
  m_RenderingLayerMask: 1
  m_RendererPriority: 0
  m_Materials:
  - {fileID: 10754, guid: 0000000000000000f000000000000000, type: 0}
  m_StaticBatchInfo:
    firstSubMesh: 0
    subMeshCount: 0
  m_StaticBatchRoot: {fileID: 0}
  m_ProbeAnchor: {fileID: 0}
  m_LightProbeVolumeOverride: {fileID: 0}
  m_ScaleInLightmap: 1
  m_PreserveUVs: 0
  m_IgnoreNormalsForChartDetection: 0
  m_ImportantGI: 0
  m_StitchLightmapSeams: 1
  m_SelectedEditorRenderState: 0
  m_MinimumChartSize: 4
  m_AutoUVMaxDistance: 0.5
  m_AutoUVMaxAngle: 89
  m_LightmapParameters: {fileID: 0}
  m_SortingLayerID: -1748566789
  m_SortingLayer: 4
  m_SortingOrder: 0
  m_Sprite: {fileID: 21300000, guid: 33ffc81023db4e048a6c116c404e9c46, type: 3}
  m_Color: {r: 1, g: 1, b: 1, a: 1}
  m_FlipX: 1
  m_FlipY: 0
  m_DrawMode: 0
  m_Size: {x: 5.25, y: 3.25}
  m_AdaptiveModeThreshold: 0.5
  m_SpriteTileMode: 0
  m_WasSpriteAssigned: 1
  m_MaskInteraction: 0
  m_SpriteSortPoint: 0
--- !u!1 &6741127102156704047
GameObject:
  m_ObjectHideFlags: 0
  m_CorrespondingSourceObject: {fileID: 0}
  m_PrefabInstance: {fileID: 0}
  m_PrefabAsset: {fileID: 0}
  serializedVersion: 6
  m_Component:
  - component: {fileID: 1670261149611297920}
  - component: {fileID: 5162184715593720588}
  m_Layer: 16
  m_Name: Main
  m_TagString: Untagged
  m_Icon: {fileID: 0}
  m_NavMeshLayer: 0
  m_StaticEditorFlags: 0
  m_IsActive: 1
--- !u!4 &1670261149611297920
Transform:
  m_ObjectHideFlags: 0
  m_CorrespondingSourceObject: {fileID: 0}
  m_PrefabInstance: {fileID: 0}
  m_PrefabAsset: {fileID: 0}
  m_GameObject: {fileID: 6741127102156704047}
  m_LocalRotation: {x: 0, y: 0, z: 0, w: 1}
  m_LocalPosition: {x: 0, y: 0, z: 0}
  m_LocalScale: {x: -1, y: 1, z: 1}
  m_Children:
  - {fileID: 4864962220050564071}
  - {fileID: 1551365099567231949}
  - {fileID: 6069305810984074891}
  - {fileID: 2912476164536561617}
  - {fileID: 2617600576203580261}
  m_Father: {fileID: 1683534289936865586}
  m_RootOrder: 0
  m_LocalEulerAnglesHint: {x: 0, y: 0, z: 0}
--- !u!70 &5162184715593720588
CapsuleCollider2D:
  m_ObjectHideFlags: 0
  m_CorrespondingSourceObject: {fileID: 0}
  m_PrefabInstance: {fileID: 0}
  m_PrefabAsset: {fileID: 0}
  m_GameObject: {fileID: 6741127102156704047}
  m_Enabled: 1
  m_Density: 1
  m_Material: {fileID: 0}
  m_IsTrigger: 0
  m_UsedByEffector: 0
  m_UsedByComposite: 0
  m_Offset: {x: 0, y: 1.625}
  m_Size: {x: 4, y: 3.25}
  m_Direction: 1
--- !u!1 &6865488445421338549
GameObject:
  m_ObjectHideFlags: 0
  m_CorrespondingSourceObject: {fileID: 0}
  m_PrefabInstance: {fileID: 0}
  m_PrefabAsset: {fileID: 0}
  serializedVersion: 6
  m_Component:
  - component: {fileID: 6069305810984074891}
  - component: {fileID: 1707138337292403531}
  - component: {fileID: 2743377363016679161}
  m_Layer: 17
  m_Name: Trigger_Enemy
  m_TagString: Untagged
  m_Icon: {fileID: 0}
  m_NavMeshLayer: 0
  m_StaticEditorFlags: 0
  m_IsActive: 1
--- !u!4 &6069305810984074891
Transform:
  m_ObjectHideFlags: 0
  m_CorrespondingSourceObject: {fileID: 0}
  m_PrefabInstance: {fileID: 0}
  m_PrefabAsset: {fileID: 0}
  m_GameObject: {fileID: 6865488445421338549}
  m_LocalRotation: {x: 0, y: 0, z: 0, w: 1}
  m_LocalPosition: {x: 0, y: 0, z: 0}
  m_LocalScale: {x: 1, y: 1, z: 1}
  m_Children: []
  m_Father: {fileID: 1670261149611297920}
  m_RootOrder: 2
  m_LocalEulerAnglesHint: {x: 0, y: 0, z: 0}
--- !u!114 &1707138337292403531
MonoBehaviour:
  m_ObjectHideFlags: 0
  m_CorrespondingSourceObject: {fileID: 0}
  m_PrefabInstance: {fileID: 0}
  m_PrefabAsset: {fileID: 0}
  m_GameObject: {fileID: 6865488445421338549}
  m_Enabled: 1
  m_EditorHideFlags: 0
  m_Script: {fileID: 11500000, guid: cef653b4b5d4b6b4c81c133cd55fc8d8, type: 3}
  m_Name: 
  m_EditorClassIdentifier: 
  mType: 1
  mDetectLayers: 0e000000
  mIsFixed: 0
--- !u!70 &2743377363016679161
CapsuleCollider2D:
  m_ObjectHideFlags: 0
  m_CorrespondingSourceObject: {fileID: 0}
  m_PrefabInstance: {fileID: 0}
  m_PrefabAsset: {fileID: 0}
  m_GameObject: {fileID: 6865488445421338549}
  m_Enabled: 1
  m_Density: 1
  m_Material: {fileID: 0}
  m_IsTrigger: 1
  m_UsedByEffector: 0
  m_UsedByComposite: 0
  m_Offset: {x: 5, y: 5}
  m_Size: {x: 40, y: 20}
  m_Direction: 1
--- !u!1 &9194047282593032781
GameObject:
  m_ObjectHideFlags: 0
  m_CorrespondingSourceObject: {fileID: 0}
  m_PrefabInstance: {fileID: 0}
  m_PrefabAsset: {fileID: 0}
  serializedVersion: 6
  m_Component:
  - component: {fileID: 1551365099567231949}
  - component: {fileID: 2715377810714863847}
  - component: {fileID: 8674040118358195134}
  m_Layer: 9
  m_Name: Trigger_Terrain
  m_TagString: Untagged
  m_Icon: {fileID: 0}
  m_NavMeshLayer: 0
  m_StaticEditorFlags: 0
  m_IsActive: 1
--- !u!4 &1551365099567231949
Transform:
  m_ObjectHideFlags: 0
  m_CorrespondingSourceObject: {fileID: 0}
  m_PrefabInstance: {fileID: 0}
  m_PrefabAsset: {fileID: 0}
  m_GameObject: {fileID: 9194047282593032781}
  m_LocalRotation: {x: 0, y: 0, z: 0, w: 1}
  m_LocalPosition: {x: 0, y: 0, z: 0}
  m_LocalScale: {x: 1, y: 1, z: 1}
  m_Children: []
  m_Father: {fileID: 1670261149611297920}
  m_RootOrder: 1
  m_LocalEulerAnglesHint: {x: 0, y: 0, z: 0}
--- !u!114 &2715377810714863847
MonoBehaviour:
  m_ObjectHideFlags: 0
  m_CorrespondingSourceObject: {fileID: 0}
  m_PrefabInstance: {fileID: 0}
  m_PrefabAsset: {fileID: 0}
  m_GameObject: {fileID: 9194047282593032781}
  m_Enabled: 1
  m_EditorHideFlags: 0
  m_Script: {fileID: 11500000, guid: b62950894aad0194883236027b7f2301, type: 3}
  m_Name: 
  m_EditorClassIdentifier: 
  mType: 0
  mDetectLayers: 08000000
  mIsFixed: 0
--- !u!61 &8674040118358195134
BoxCollider2D:
  m_ObjectHideFlags: 0
  m_CorrespondingSourceObject: {fileID: 0}
  m_PrefabInstance: {fileID: 0}
  m_PrefabAsset: {fileID: 0}
  m_GameObject: {fileID: 9194047282593032781}
  m_Enabled: 1
  m_Density: 1
  m_Material: {fileID: 0}
  m_IsTrigger: 1
  m_UsedByEffector: 0
  m_UsedByComposite: 0
  m_Offset: {x: 0, y: 0}
  m_SpriteTilingProperty:
    border: {x: 0, y: 0, z: 0, w: 0}
    pivot: {x: 0, y: 0}
    oldSize: {x: 0, y: 0}
    newSize: {x: 0, y: 0}
    adaptiveTilingThreshold: 0
    drawMode: 0
    adaptiveTiling: 0
  m_AutoTiling: 0
  serializedVersion: 2
  m_Size: {x: 1, y: 0.2}
  m_EdgeRadius: 0
--- !u!1001 &1830688930337080920
PrefabInstance:
  m_ObjectHideFlags: 0
  serializedVersion: 2
  m_Modification:
    m_TransformParent: {fileID: 1683534289936865586}
    m_Modifications:
    - target: {fileID: 4228345910903258693, guid: 688aaab1decd1704d9f10a69c420b855,
        type: 3}
      propertyPath: m_Name
      value: Prefab_Bar_Life
      objectReference: {fileID: 0}
    - target: {fileID: 3467564107427183676, guid: 688aaab1decd1704d9f10a69c420b855,
        type: 3}
      propertyPath: m_LocalPosition.x
      value: 0
      objectReference: {fileID: 0}
    - target: {fileID: 3467564107427183676, guid: 688aaab1decd1704d9f10a69c420b855,
        type: 3}
      propertyPath: m_LocalPosition.y
      value: -0.54999995
      objectReference: {fileID: 0}
    - target: {fileID: 3467564107427183676, guid: 688aaab1decd1704d9f10a69c420b855,
        type: 3}
      propertyPath: m_LocalPosition.z
      value: 0
      objectReference: {fileID: 0}
    - target: {fileID: 3467564107427183676, guid: 688aaab1decd1704d9f10a69c420b855,
        type: 3}
      propertyPath: m_LocalRotation.x
      value: 0
      objectReference: {fileID: 0}
    - target: {fileID: 3467564107427183676, guid: 688aaab1decd1704d9f10a69c420b855,
        type: 3}
      propertyPath: m_LocalRotation.y
      value: 0
      objectReference: {fileID: 0}
    - target: {fileID: 3467564107427183676, guid: 688aaab1decd1704d9f10a69c420b855,
        type: 3}
      propertyPath: m_LocalRotation.z
      value: 0
      objectReference: {fileID: 0}
    - target: {fileID: 3467564107427183676, guid: 688aaab1decd1704d9f10a69c420b855,
        type: 3}
      propertyPath: m_LocalRotation.w
      value: 1
      objectReference: {fileID: 0}
    - target: {fileID: 3467564107427183676, guid: 688aaab1decd1704d9f10a69c420b855,
        type: 3}
      propertyPath: m_RootOrder
      value: 2
      objectReference: {fileID: 0}
    - target: {fileID: 3467564107427183676, guid: 688aaab1decd1704d9f10a69c420b855,
        type: 3}
      propertyPath: m_LocalEulerAnglesHint.x
      value: 0
      objectReference: {fileID: 0}
    - target: {fileID: 3467564107427183676, guid: 688aaab1decd1704d9f10a69c420b855,
        type: 3}
      propertyPath: m_LocalEulerAnglesHint.y
      value: 0
      objectReference: {fileID: 0}
    - target: {fileID: 3467564107427183676, guid: 688aaab1decd1704d9f10a69c420b855,
        type: 3}
      propertyPath: m_LocalEulerAnglesHint.z
      value: 0
      objectReference: {fileID: 0}
    m_RemovedComponents: []
  m_SourcePrefab: {fileID: 100100000, guid: 688aaab1decd1704d9f10a69c420b855, type: 3}
--- !u!4 &2988326158559099492 stripped
Transform:
  m_CorrespondingSourceObject: {fileID: 3467564107427183676, guid: 688aaab1decd1704d9f10a69c420b855,
    type: 3}
  m_PrefabInstance: {fileID: 1830688930337080920}
  m_PrefabAsset: {fileID: 0}
--- !u!1001 &4541549953584394371
PrefabInstance:
  m_ObjectHideFlags: 0
  serializedVersion: 2
  m_Modification:
    m_TransformParent: {fileID: 1670261149611297920}
    m_Modifications:
    - target: {fileID: 1969557670409933797, guid: 581d862fe78bea6408c7f0a9c78a9fce,
        type: 3}
      propertyPath: m_Name
      value: Prefab_ParticleSystem_Hit
      objectReference: {fileID: 0}
    - target: {fileID: 1969557670409933798, guid: 581d862fe78bea6408c7f0a9c78a9fce,
        type: 3}
      propertyPath: m_LocalPosition.x
      value: -0.84
      objectReference: {fileID: 0}
    - target: {fileID: 1969557670409933798, guid: 581d862fe78bea6408c7f0a9c78a9fce,
        type: 3}
      propertyPath: m_LocalPosition.y
      value: 1.26
      objectReference: {fileID: 0}
    - target: {fileID: 1969557670409933798, guid: 581d862fe78bea6408c7f0a9c78a9fce,
        type: 3}
      propertyPath: m_LocalPosition.z
      value: 0
      objectReference: {fileID: 0}
    - target: {fileID: 1969557670409933798, guid: 581d862fe78bea6408c7f0a9c78a9fce,
        type: 3}
      propertyPath: m_LocalRotation.x
      value: -0
      objectReference: {fileID: 0}
    - target: {fileID: 1969557670409933798, guid: 581d862fe78bea6408c7f0a9c78a9fce,
        type: 3}
      propertyPath: m_LocalRotation.y
      value: 0
      objectReference: {fileID: 0}
    - target: {fileID: 1969557670409933798, guid: 581d862fe78bea6408c7f0a9c78a9fce,
        type: 3}
      propertyPath: m_LocalRotation.z
      value: -0.4463342
      objectReference: {fileID: 0}
    - target: {fileID: 1969557670409933798, guid: 581d862fe78bea6408c7f0a9c78a9fce,
        type: 3}
      propertyPath: m_LocalRotation.w
      value: 0.89486635
      objectReference: {fileID: 0}
    - target: {fileID: 1969557670409933798, guid: 581d862fe78bea6408c7f0a9c78a9fce,
        type: 3}
      propertyPath: m_RootOrder
      value: 4
      objectReference: {fileID: 0}
    - target: {fileID: 1969557670409933798, guid: 581d862fe78bea6408c7f0a9c78a9fce,
        type: 3}
      propertyPath: m_LocalEulerAnglesHint.x
      value: 0
      objectReference: {fileID: 0}
    - target: {fileID: 1969557670409933798, guid: 581d862fe78bea6408c7f0a9c78a9fce,
        type: 3}
      propertyPath: m_LocalEulerAnglesHint.y
      value: 0
      objectReference: {fileID: 0}
    - target: {fileID: 1969557670409933798, guid: 581d862fe78bea6408c7f0a9c78a9fce,
        type: 3}
      propertyPath: m_LocalEulerAnglesHint.z
      value: -53.017002
      objectReference: {fileID: 0}
    m_RemovedComponents: []
  m_SourcePrefab: {fileID: 100100000, guid: 581d862fe78bea6408c7f0a9c78a9fce, type: 3}
--- !u!4 &2617600576203580261 stripped
Transform:
  m_CorrespondingSourceObject: {fileID: 1969557670409933798, guid: 581d862fe78bea6408c7f0a9c78a9fce,
    type: 3}
  m_PrefabInstance: {fileID: 4541549953584394371}
  m_PrefabAsset: {fileID: 0}
--- !u!198 &2617600576203580260 stripped
ParticleSystem:
  m_CorrespondingSourceObject: {fileID: 1969557670409933799, guid: 581d862fe78bea6408c7f0a9c78a9fce,
    type: 3}
  m_PrefabInstance: {fileID: 4541549953584394371}
  m_PrefabAsset: {fileID: 0}
--- !u!1001 &8346636061809566613
PrefabInstance:
  m_ObjectHideFlags: 0
  serializedVersion: 2
  m_Modification:
    m_TransformParent: {fileID: 1683534289936865586}
    m_Modifications:
    - target: {fileID: 260505404538687608, guid: 1ce60f503ab428349a4beb3bb49a130b,
        type: 3}
      propertyPath: m_Name
      value: Prefab_Debuffs
      objectReference: {fileID: 0}
    - target: {fileID: 9018542164124810118, guid: 1ce60f503ab428349a4beb3bb49a130b,
        type: 3}
      propertyPath: m_LocalPosition.x
      value: 0
      objectReference: {fileID: 0}
    - target: {fileID: 9018542164124810118, guid: 1ce60f503ab428349a4beb3bb49a130b,
        type: 3}
      propertyPath: m_LocalPosition.y
      value: 0
      objectReference: {fileID: 0}
    - target: {fileID: 9018542164124810118, guid: 1ce60f503ab428349a4beb3bb49a130b,
        type: 3}
      propertyPath: m_LocalPosition.z
      value: 0
      objectReference: {fileID: 0}
    - target: {fileID: 9018542164124810118, guid: 1ce60f503ab428349a4beb3bb49a130b,
        type: 3}
      propertyPath: m_LocalRotation.x
      value: 0
      objectReference: {fileID: 0}
    - target: {fileID: 9018542164124810118, guid: 1ce60f503ab428349a4beb3bb49a130b,
        type: 3}
      propertyPath: m_LocalRotation.y
      value: 0
      objectReference: {fileID: 0}
    - target: {fileID: 9018542164124810118, guid: 1ce60f503ab428349a4beb3bb49a130b,
        type: 3}
      propertyPath: m_LocalRotation.z
      value: 0
      objectReference: {fileID: 0}
    - target: {fileID: 9018542164124810118, guid: 1ce60f503ab428349a4beb3bb49a130b,
        type: 3}
      propertyPath: m_LocalRotation.w
      value: 1
      objectReference: {fileID: 0}
    - target: {fileID: 9018542164124810118, guid: 1ce60f503ab428349a4beb3bb49a130b,
        type: 3}
      propertyPath: m_RootOrder
      value: 1
      objectReference: {fileID: 0}
    - target: {fileID: 9018542164124810118, guid: 1ce60f503ab428349a4beb3bb49a130b,
        type: 3}
      propertyPath: m_LocalEulerAnglesHint.x
      value: 0
      objectReference: {fileID: 0}
    - target: {fileID: 9018542164124810118, guid: 1ce60f503ab428349a4beb3bb49a130b,
        type: 3}
      propertyPath: m_LocalEulerAnglesHint.y
      value: 0
      objectReference: {fileID: 0}
    - target: {fileID: 9018542164124810118, guid: 1ce60f503ab428349a4beb3bb49a130b,
        type: 3}
      propertyPath: m_LocalEulerAnglesHint.z
      value: 0
      objectReference: {fileID: 0}
    - target: {fileID: 5303523300012547356, guid: 1ce60f503ab428349a4beb3bb49a130b,
        type: 3}
      propertyPath: m_WasSpriteAssigned
      value: 0
      objectReference: {fileID: 0}
    m_RemovedComponents: []
  m_SourcePrefab: {fileID: 100100000, guid: 1ce60f503ab428349a4beb3bb49a130b, type: 3}
--- !u!4 &1080152623066470419 stripped
Transform:
  m_CorrespondingSourceObject: {fileID: 9018542164124810118, guid: 1ce60f503ab428349a4beb3bb49a130b,
    type: 3}
  m_PrefabInstance: {fileID: 8346636061809566613}
  m_PrefabAsset: {fileID: 0}
