%YAML 1.1
%TAG !u! tag:unity3d.com,2011:
--- !u!1 &2855191775622896444
GameObject:
  m_ObjectHideFlags: 0
  m_CorrespondingSourceObject: {fileID: 0}
  m_PrefabInstance: {fileID: 0}
  m_PrefabAsset: {fileID: 0}
  serializedVersion: 6
  m_Component:
  - component: {fileID: 3221954053257919215}
  - component: {fileID: 7820386003653370070}
  - component: {fileID: 8571424600771240690}
  - component: {fileID: 2181071340034610303}
  - component: {fileID: 445944229254542029}
  - component: {fileID: 5714558243234177385}
  - component: {fileID: 7932701166133158971}
  - component: {fileID: 7342827742554793101}
  - component: {fileID: 1589173697679875208}
  - component: {fileID: 9181093699698537663}
  - component: {fileID: 3465365260443403470}
  - component: {fileID: 1365062747538241293}
  m_Layer: 16
  m_Name: Prefab_Monster_Middle_Melee_NightshadeCrow
  m_TagString: Untagged
  m_Icon: {fileID: 0}
  m_NavMeshLayer: 0
  m_StaticEditorFlags: 0
  m_IsActive: 1
--- !u!4 &3221954053257919215
Transform:
  m_ObjectHideFlags: 0
  m_CorrespondingSourceObject: {fileID: 0}
  m_PrefabInstance: {fileID: 0}
  m_PrefabAsset: {fileID: 0}
  m_GameObject: {fileID: 2855191775622896444}
  m_LocalRotation: {x: 0, y: 0, z: 0, w: 1}
  m_LocalPosition: {x: 0, y: 0, z: 0}
  m_LocalScale: {x: 1, y: 1, z: 1}
  m_Children:
  - {fileID: 3226343195399335773}
  - {fileID: 3825467817149627342}
  - {fileID: 1338441477383854521}
  - {fileID: 1872955806546373442}
  m_Father: {fileID: 0}
  m_RootOrder: 0
  m_LocalEulerAnglesHint: {x: 0, y: 0, z: 0}
--- !u!50 &7820386003653370070
Rigidbody2D:
  serializedVersion: 4
  m_ObjectHideFlags: 0
  m_CorrespondingSourceObject: {fileID: 0}
  m_PrefabInstance: {fileID: 0}
  m_PrefabAsset: {fileID: 0}
  m_GameObject: {fileID: 2855191775622896444}
  m_BodyType: 0
  m_Simulated: 1
  m_UseFullKinematicContacts: 0
  m_UseAutoMass: 0
  m_Mass: 1
  m_LinearDrag: 0
  m_AngularDrag: 0.05
  m_GravityScale: 0
  m_Material: {fileID: 0}
  m_Interpolate: 0
  m_SleepingMode: 1
  m_CollisionDetection: 0
  m_Constraints: 4
--- !u!95 &8571424600771240690
Animator:
  serializedVersion: 3
  m_ObjectHideFlags: 0
  m_CorrespondingSourceObject: {fileID: 0}
  m_PrefabInstance: {fileID: 0}
  m_PrefabAsset: {fileID: 0}
  m_GameObject: {fileID: 2855191775622896444}
  m_Enabled: 1
  m_Avatar: {fileID: 0}
  m_Controller: {fileID: 22100000, guid: 0de5c22704b1984459f7f976a11d3cf6, type: 2}
  m_CullingMode: 0
  m_UpdateMode: 0
  m_ApplyRootMotion: 0
  m_LinearVelocityBlending: 0
  m_WarningMessage: 
  m_HasTransformHierarchy: 1
  m_AllowConstantClipSamplingOptimization: 1
  m_KeepAnimatorControllerStateOnDisable: 0
--- !u!114 &2181071340034610303
MonoBehaviour:
  m_ObjectHideFlags: 0
  m_CorrespondingSourceObject: {fileID: 0}
  m_PrefabInstance: {fileID: 0}
  m_PrefabAsset: {fileID: 0}
  m_GameObject: {fileID: 2855191775622896444}
  m_Enabled: 1
  m_EditorHideFlags: 0
  m_Script: {fileID: 11500000, guid: 994305575803ede48b0352a91da2ed07, type: 3}
  m_Name: 
  m_EditorClassIdentifier: 
--- !u!114 &445944229254542029
MonoBehaviour:
  m_ObjectHideFlags: 0
  m_CorrespondingSourceObject: {fileID: 0}
  m_PrefabInstance: {fileID: 0}
  m_PrefabAsset: {fileID: 0}
  m_GameObject: {fileID: 2855191775622896444}
  m_Enabled: 1
  m_EditorHideFlags: 0
  m_Script: {fileID: 11500000, guid: e0ec9aa6dab2e4941a5d17cbb101f446, type: 3}
  m_Name: 
  m_EditorClassIdentifier: 
--- !u!114 &5714558243234177385
MonoBehaviour:
  m_ObjectHideFlags: 0
  m_CorrespondingSourceObject: {fileID: 0}
  m_PrefabInstance: {fileID: 0}
  m_PrefabAsset: {fileID: 0}
  m_GameObject: {fileID: 2855191775622896444}
  m_Enabled: 1
  m_EditorHideFlags: 0
  m_Script: {fileID: 11500000, guid: 6c496a7bdade7cb4b896a5dd74ac5059, type: 3}
  m_Name: 
  m_EditorClassIdentifier: 
--- !u!114 &7932701166133158971
MonoBehaviour:
  m_ObjectHideFlags: 0
  m_CorrespondingSourceObject: {fileID: 0}
  m_PrefabInstance: {fileID: 0}
  m_PrefabAsset: {fileID: 0}
  m_GameObject: {fileID: 2855191775622896444}
  m_Enabled: 1
  m_EditorHideFlags: 0
  m_Script: {fileID: 11500000, guid: 182f1033b4159844ba45d0906cba1673, type: 3}
  m_Name: 
  m_EditorClassIdentifier: 
--- !u!114 &7342827742554793101
MonoBehaviour:
  m_ObjectHideFlags: 0
  m_CorrespondingSourceObject: {fileID: 0}
  m_PrefabInstance: {fileID: 0}
  m_PrefabAsset: {fileID: 0}
  m_GameObject: {fileID: 2855191775622896444}
  m_Enabled: 1
  m_EditorHideFlags: 0
  m_Script: {fileID: 11500000, guid: dc556015b60a03b42921a6f777c3be1d, type: 3}
  m_Name: 
  m_EditorClassIdentifier: 
--- !u!114 &1589173697679875208
MonoBehaviour:
  m_ObjectHideFlags: 0
  m_CorrespondingSourceObject: {fileID: 0}
  m_PrefabInstance: {fileID: 0}
  m_PrefabAsset: {fileID: 0}
  m_GameObject: {fileID: 2855191775622896444}
  m_Enabled: 1
  m_EditorHideFlags: 0
  m_Script: {fileID: 11500000, guid: 25d6754679977ac439ce3b1377d7410f, type: 3}
  m_Name: 
  m_EditorClassIdentifier: 
--- !u!114 &9181093699698537663
MonoBehaviour:
  m_ObjectHideFlags: 0
  m_CorrespondingSourceObject: {fileID: 0}
  m_PrefabInstance: {fileID: 0}
  m_PrefabAsset: {fileID: 0}
  m_GameObject: {fileID: 2855191775622896444}
  m_Enabled: 1
  m_EditorHideFlags: 0
  m_Script: {fileID: 11500000, guid: c476156af5f457e46a99647479bae593, type: 3}
  m_Name: 
  m_EditorClassIdentifier: 
--- !u!114 &3465365260443403470
MonoBehaviour:
  m_ObjectHideFlags: 0
  m_CorrespondingSourceObject: {fileID: 0}
  m_PrefabInstance: {fileID: 0}
  m_PrefabAsset: {fileID: 0}
  m_GameObject: {fileID: 2855191775622896444}
  m_Enabled: 1
  m_EditorHideFlags: 0
  m_Script: {fileID: 11500000, guid: 292698b1ce0abe5479b0c910724761c4, type: 3}
  m_Name: 
  m_EditorClassIdentifier: 
  mIcon: {fileID: 0}
  mSize: 1
  mMainTransform: {fileID: 3226343195399335773}
  mMainRenderer: {fileID: 4999182848839792676}
  mMainCollider: {fileID: 8955531028489502929}
  mMonsterType: 24
  mElementalType: 7
  mType: 0
  mMonsterRank: 0
  mSkills: 00000000
--- !u!114 &1365062747538241293
MonoBehaviour:
  m_ObjectHideFlags: 0
  m_CorrespondingSourceObject: {fileID: 0}
  m_PrefabInstance: {fileID: 0}
  m_PrefabAsset: {fileID: 0}
  m_GameObject: {fileID: 2855191775622896444}
  m_Enabled: 1
  m_EditorHideFlags: 0
  m_Script: {fileID: 11500000, guid: 92ec21fa71180694db58394743335215, type: 3}
  m_Name: 
  m_EditorClassIdentifier: 
--- !u!1 &4534758858444268332
GameObject:
  m_ObjectHideFlags: 0
  m_CorrespondingSourceObject: {fileID: 0}
  m_PrefabInstance: {fileID: 0}
  m_PrefabAsset: {fileID: 0}
  serializedVersion: 6
  m_Component:
  - component: {fileID: 7017708885400056879}
  - component: {fileID: 5590042541578527374}
  m_Layer: 16
  m_Name: Attack_Reflex
  m_TagString: Untagged
  m_Icon: {fileID: 0}
  m_NavMeshLayer: 0
  m_StaticEditorFlags: 0
  m_IsActive: 1
--- !u!4 &7017708885400056879
Transform:
  m_ObjectHideFlags: 0
  m_CorrespondingSourceObject: {fileID: 0}
  m_PrefabInstance: {fileID: 0}
  m_PrefabAsset: {fileID: 0}
  m_GameObject: {fileID: 4534758858444268332}
  m_LocalRotation: {x: 0, y: 0, z: 0, w: 1}
  m_LocalPosition: {x: -20, y: -5, z: 0}
  m_LocalScale: {x: 1, y: 1, z: 1}
  m_Children: []
  m_Father: {fileID: 3226343195399335773}
  m_RootOrder: 5
  m_LocalEulerAnglesHint: {x: 0, y: 0, z: 0}
--- !u!114 &5590042541578527374
MonoBehaviour:
  m_ObjectHideFlags: 0
  m_CorrespondingSourceObject: {fileID: 0}
  m_PrefabInstance: {fileID: 0}
  m_PrefabAsset: {fileID: 0}
  m_GameObject: {fileID: 4534758858444268332}
  m_Enabled: 1
  m_EditorHideFlags: 0
  m_Script: {fileID: 11500000, guid: b1b45d3cd4cb55d4f820ebcf98990377, type: 3}
  m_Name: 
  m_EditorClassIdentifier: 
  mType: 0
--- !u!1 &4934928052257507728
GameObject:
  m_ObjectHideFlags: 0
  m_CorrespondingSourceObject: {fileID: 0}
  m_PrefabInstance: {fileID: 0}
  m_PrefabAsset: {fileID: 0}
  serializedVersion: 6
  m_Component:
  - component: {fileID: 3345116754049601552}
  - component: {fileID: 2181226677169949498}
  - component: {fileID: 4867214889594853475}
  m_Layer: 9
  m_Name: Trigger_Terrain
  m_TagString: Untagged
  m_Icon: {fileID: 0}
  m_NavMeshLayer: 0
  m_StaticEditorFlags: 0
  m_IsActive: 1
--- !u!4 &3345116754049601552
Transform:
  m_ObjectHideFlags: 0
  m_CorrespondingSourceObject: {fileID: 0}
  m_PrefabInstance: {fileID: 0}
  m_PrefabAsset: {fileID: 0}
  m_GameObject: {fileID: 4934928052257507728}
  m_LocalRotation: {x: 0, y: 0, z: 0, w: 1}
  m_LocalPosition: {x: 0, y: 1, z: 0}
  m_LocalScale: {x: 1, y: 1, z: 1}
  m_Children: []
  m_Father: {fileID: 3226343195399335773}
  m_RootOrder: 1
  m_LocalEulerAnglesHint: {x: 0, y: 0, z: 0}
--- !u!114 &2181226677169949498
MonoBehaviour:
  m_ObjectHideFlags: 0
  m_CorrespondingSourceObject: {fileID: 0}
  m_PrefabInstance: {fileID: 0}
  m_PrefabAsset: {fileID: 0}
  m_GameObject: {fileID: 4934928052257507728}
  m_Enabled: 1
  m_EditorHideFlags: 0
  m_Script: {fileID: 11500000, guid: b62950894aad0194883236027b7f2301, type: 3}
  m_Name: 
  m_EditorClassIdentifier: 
  mType: 0
  mDetectLayers: 08000000
  mIsFixed: 0
--- !u!61 &4867214889594853475
BoxCollider2D:
  m_ObjectHideFlags: 0
  m_CorrespondingSourceObject: {fileID: 0}
  m_PrefabInstance: {fileID: 0}
  m_PrefabAsset: {fileID: 0}
  m_GameObject: {fileID: 4934928052257507728}
  m_Enabled: 1
  m_Density: 1
  m_Material: {fileID: 0}
  m_IsTrigger: 1
  m_UsedByEffector: 0
  m_UsedByComposite: 0
  m_Offset: {x: 0, y: 0}
  m_SpriteTilingProperty:
    border: {x: 0, y: 0, z: 0, w: 0}
    pivot: {x: 0, y: 0}
    oldSize: {x: 0, y: 0}
    newSize: {x: 0, y: 0}
    adaptiveTilingThreshold: 0
    drawMode: 0
    adaptiveTiling: 0
  m_AutoTiling: 0
  serializedVersion: 2
  m_Size: {x: 1, y: 0.2}
  m_EdgeRadius: 0
--- !u!1 &5383291991954725829
GameObject:
  m_ObjectHideFlags: 0
  m_CorrespondingSourceObject: {fileID: 0}
  m_PrefabInstance: {fileID: 0}
  m_PrefabAsset: {fileID: 0}
  serializedVersion: 6
  m_Component:
  - component: {fileID: 6098971682573313637}
  - component: {fileID: 4999182848839792676}
  m_Layer: 16
  m_Name: SpriteRenderer
  m_TagString: Untagged
  m_Icon: {fileID: 0}
  m_NavMeshLayer: 0
  m_StaticEditorFlags: 0
  m_IsActive: 1
--- !u!4 &6098971682573313637
Transform:
  m_ObjectHideFlags: 0
  m_CorrespondingSourceObject: {fileID: 0}
  m_PrefabInstance: {fileID: 0}
  m_PrefabAsset: {fileID: 0}
  m_GameObject: {fileID: 5383291991954725829}
  m_LocalRotation: {x: 0, y: -0, z: -0, w: 1}
  m_LocalPosition: {x: 0, y: -1.53, z: 0}
  m_LocalScale: {x: 1, y: 1, z: 1}
  m_Children: []
  m_Father: {fileID: 7981053262441946106}
  m_RootOrder: 0
  m_LocalEulerAnglesHint: {x: 0, y: 0, z: 0}
--- !u!212 &4999182848839792676
SpriteRenderer:
  m_ObjectHideFlags: 0
  m_CorrespondingSourceObject: {fileID: 0}
  m_PrefabInstance: {fileID: 0}
  m_PrefabAsset: {fileID: 0}
  m_GameObject: {fileID: 5383291991954725829}
  m_Enabled: 1
  m_CastShadows: 0
  m_ReceiveShadows: 0
  m_DynamicOccludee: 1
  m_MotionVectors: 1
  m_LightProbeUsage: 1
  m_ReflectionProbeUsage: 1
  m_RenderingLayerMask: 1
  m_RendererPriority: 0
  m_Materials:
  - {fileID: 10754, guid: 0000000000000000f000000000000000, type: 0}
  m_StaticBatchInfo:
    firstSubMesh: 0
    subMeshCount: 0
  m_StaticBatchRoot: {fileID: 0}
  m_ProbeAnchor: {fileID: 0}
  m_LightProbeVolumeOverride: {fileID: 0}
  m_ScaleInLightmap: 1
  m_PreserveUVs: 0
  m_IgnoreNormalsForChartDetection: 0
  m_ImportantGI: 0
  m_StitchLightmapSeams: 1
  m_SelectedEditorRenderState: 0
  m_MinimumChartSize: 4
  m_AutoUVMaxDistance: 0.5
  m_AutoUVMaxAngle: 89
  m_LightmapParameters: {fileID: 0}
  m_SortingLayerID: -1748566789
  m_SortingLayer: 4
  m_SortingOrder: 0
  m_Sprite: {fileID: 21300000, guid: 8208ab5c075558040bddfb9864b91a81, type: 3}
  m_Color: {r: 1, g: 1, b: 1, a: 1}
  m_FlipX: 1
  m_FlipY: 0
  m_DrawMode: 0
  m_Size: {x: 5.25, y: 3.25}
  m_AdaptiveModeThreshold: 0.5
  m_SpriteTileMode: 0
  m_WasSpriteAssigned: 1
  m_MaskInteraction: 0
  m_SpriteSortPoint: 0
--- !u!1 &5824502512154059656
GameObject:
  m_ObjectHideFlags: 0
  m_CorrespondingSourceObject: {fileID: 0}
  m_PrefabInstance: {fileID: 0}
  m_PrefabAsset: {fileID: 0}
  serializedVersion: 6
  m_Component:
  - component: {fileID: 904923993928610227}
  - component: {fileID: 4995831277910341205}
  - component: {fileID: 5268655671483434492}
  m_Layer: 17
  m_Name: Trigger_Enemy
  m_TagString: Untagged
  m_Icon: {fileID: 0}
  m_NavMeshLayer: 0
  m_StaticEditorFlags: 0
  m_IsActive: 1
--- !u!4 &904923993928610227
Transform:
  m_ObjectHideFlags: 0
  m_CorrespondingSourceObject: {fileID: 0}
  m_PrefabInstance: {fileID: 0}
  m_PrefabAsset: {fileID: 0}
  m_GameObject: {fileID: 5824502512154059656}
  m_LocalRotation: {x: 0, y: 0, z: 0, w: 1}
  m_LocalPosition: {x: 14.49, y: 0.13, z: 0}
  m_LocalScale: {x: 1, y: 1, z: 1}
  m_Children: []
  m_Father: {fileID: 3226343195399335773}
  m_RootOrder: 3
  m_LocalEulerAnglesHint: {x: 0, y: 0, z: 0}
--- !u!114 &4995831277910341205
MonoBehaviour:
  m_ObjectHideFlags: 0
  m_CorrespondingSourceObject: {fileID: 0}
  m_PrefabInstance: {fileID: 0}
  m_PrefabAsset: {fileID: 0}
  m_GameObject: {fileID: 5824502512154059656}
  m_Enabled: 1
  m_EditorHideFlags: 0
  m_Script: {fileID: 11500000, guid: ad05c469683fc93498eafc2cbc9fba47, type: 3}
  m_Name: 
  m_EditorClassIdentifier: 
  mType: 1
  mDetectLayers: 0e000000
  mIsFixed: 0
--- !u!70 &5268655671483434492
CapsuleCollider2D:
  m_ObjectHideFlags: 0
  m_CorrespondingSourceObject: {fileID: 0}
  m_PrefabInstance: {fileID: 0}
  m_PrefabAsset: {fileID: 0}
  m_GameObject: {fileID: 5824502512154059656}
  m_Enabled: 1
  m_Density: 1
  m_Material: {fileID: 0}
  m_IsTrigger: 1
  m_UsedByEffector: 0
  m_UsedByComposite: 0
  m_Offset: {x: 0, y: 0}
  m_Size: {x: 40, y: 20}
  m_Direction: 1
--- !u!1 &5848721902970026930
GameObject:
  m_ObjectHideFlags: 0
  m_CorrespondingSourceObject: {fileID: 0}
  m_PrefabInstance: {fileID: 0}
  m_PrefabAsset: {fileID: 0}
  serializedVersion: 6
  m_Component:
  - component: {fileID: 1261767892243334290}
  - component: {fileID: 4384802086140793798}
  - component: {fileID: 4881630772649892451}
  m_Layer: 17
  m_Name: Trigger_Scratchable
  m_TagString: Untagged
  m_Icon: {fileID: 0}
  m_NavMeshLayer: 0
  m_StaticEditorFlags: 0
  m_IsActive: 1
--- !u!4 &1261767892243334290
Transform:
  m_ObjectHideFlags: 0
  m_CorrespondingSourceObject: {fileID: 0}
  m_PrefabInstance: {fileID: 0}
  m_PrefabAsset: {fileID: 0}
  m_GameObject: {fileID: 5848721902970026930}
  m_LocalRotation: {x: 0, y: 0, z: -0.38268343, w: 0.92387956}
  m_LocalPosition: {x: 4.66, y: -0.82, z: 0}
  m_LocalScale: {x: 1, y: 1, z: 1}
  m_Children: []
  m_Father: {fileID: 3226343195399335773}
  m_RootOrder: 4
  m_LocalEulerAnglesHint: {x: 0, y: 0, z: -45}
--- !u!114 &4384802086140793798
MonoBehaviour:
  m_ObjectHideFlags: 0
  m_CorrespondingSourceObject: {fileID: 0}
  m_PrefabInstance: {fileID: 0}
  m_PrefabAsset: {fileID: 0}
  m_GameObject: {fileID: 5848721902970026930}
  m_Enabled: 1
  m_EditorHideFlags: 0
  m_Script: {fileID: 11500000, guid: ad05c469683fc93498eafc2cbc9fba47, type: 3}
  m_Name: 
  m_EditorClassIdentifier: 
  mType: 2
  mDetectLayers: 0e000000
  mIsFixed: 0
--- !u!70 &4881630772649892451
CapsuleCollider2D:
  m_ObjectHideFlags: 0
  m_CorrespondingSourceObject: {fileID: 0}
  m_PrefabInstance: {fileID: 0}
  m_PrefabAsset: {fileID: 0}
  m_GameObject: {fileID: 5848721902970026930}
  m_Enabled: 1
  m_Density: 1
  m_Material: {fileID: 0}
  m_IsTrigger: 1
  m_UsedByEffector: 0
  m_UsedByComposite: 0
  m_Offset: {x: 0, y: 0}
  m_Size: {x: 15, y: 15}
  m_Direction: 1
--- !u!1 &7378858553617820402
GameObject:
  m_ObjectHideFlags: 0
  m_CorrespondingSourceObject: {fileID: 0}
  m_PrefabInstance: {fileID: 0}
  m_PrefabAsset: {fileID: 0}
  serializedVersion: 6
  m_Component:
  - component: {fileID: 3226343195399335773}
  - component: {fileID: 8955531028489502929}
  m_Layer: 16
  m_Name: Main
  m_TagString: Untagged
  m_Icon: {fileID: 0}
  m_NavMeshLayer: 0
  m_StaticEditorFlags: 0
  m_IsActive: 1
--- !u!4 &3226343195399335773
Transform:
  m_ObjectHideFlags: 0
  m_CorrespondingSourceObject: {fileID: 0}
  m_PrefabInstance: {fileID: 0}
  m_PrefabAsset: {fileID: 0}
  m_GameObject: {fileID: 7378858553617820402}
  m_LocalRotation: {x: 0, y: 0, z: 0, w: 1}
  m_LocalPosition: {x: 0, y: 0, z: 0}
  m_LocalScale: {x: -1, y: 1, z: 1}
  m_Children:
  - {fileID: 7981053262441946106}
  - {fileID: 3345116754049601552}
  - {fileID: 2285619119028551864}
  - {fileID: 904923993928610227}
  - {fileID: 1261767892243334290}
  - {fileID: 7017708885400056879}
  - {fileID: 8797329512458351866}
  m_Father: {fileID: 3221954053257919215}
  m_RootOrder: 0
  m_LocalEulerAnglesHint: {x: 0, y: 0, z: 0}
--- !u!70 &8955531028489502929
CapsuleCollider2D:
  m_ObjectHideFlags: 0
  m_CorrespondingSourceObject: {fileID: 0}
  m_PrefabInstance: {fileID: 0}
  m_PrefabAsset: {fileID: 0}
  m_GameObject: {fileID: 7378858553617820402}
  m_Enabled: 1
  m_Density: 1
  m_Material: {fileID: 0}
  m_IsTrigger: 0
  m_UsedByEffector: 0
  m_UsedByComposite: 0
  m_Offset: {x: 0, y: 3.5}
  m_Size: {x: 4, y: 5}
  m_Direction: 0
--- !u!1 &8820796901360653554
GameObject:
  m_ObjectHideFlags: 0
  m_CorrespondingSourceObject: {fileID: 0}
  m_PrefabInstance: {fileID: 0}
  m_PrefabAsset: {fileID: 0}
  serializedVersion: 6
  m_Component:
  - component: {fileID: 7981053262441946106}
  m_Layer: 16
  m_Name: RendererHolder
  m_TagString: Untagged
  m_Icon: {fileID: 0}
  m_NavMeshLayer: 0
  m_StaticEditorFlags: 0
  m_IsActive: 1
--- !u!4 &7981053262441946106
Transform:
  m_ObjectHideFlags: 0
  m_CorrespondingSourceObject: {fileID: 0}
  m_PrefabInstance: {fileID: 0}
  m_PrefabAsset: {fileID: 0}
  m_GameObject: {fileID: 8820796901360653554}
  m_LocalRotation: {x: -0, y: 0, z: 0, w: 1}
  m_LocalPosition: {x: 0, y: 1.53, z: 0}
  m_LocalScale: {x: 1, y: 1, z: 1}
  m_Children:
  - {fileID: 6098971682573313637}
  m_Father: {fileID: 3226343195399335773}
  m_RootOrder: 0
  m_LocalEulerAnglesHint: {x: 0, y: 0, z: 0}
--- !u!1001 &355045768205685598
PrefabInstance:
  m_ObjectHideFlags: 0
  serializedVersion: 2
  m_Modification:
    m_TransformParent: {fileID: 3226343195399335773}
    m_Modifications:
    - target: {fileID: 1969557670409933797, guid: 581d862fe78bea6408c7f0a9c78a9fce,
        type: 3}
      propertyPath: m_Name
      value: Prefab_ParticleSystem_Hit
      objectReference: {fileID: 0}
    - target: {fileID: 1969557670409933798, guid: 581d862fe78bea6408c7f0a9c78a9fce,
        type: 3}
      propertyPath: m_LocalPosition.x
      value: -0.84
      objectReference: {fileID: 0}
    - target: {fileID: 1969557670409933798, guid: 581d862fe78bea6408c7f0a9c78a9fce,
        type: 3}
      propertyPath: m_LocalPosition.y
      value: 1.26
      objectReference: {fileID: 0}
    - target: {fileID: 1969557670409933798, guid: 581d862fe78bea6408c7f0a9c78a9fce,
        type: 3}
      propertyPath: m_LocalPosition.z
      value: 0
      objectReference: {fileID: 0}
    - target: {fileID: 1969557670409933798, guid: 581d862fe78bea6408c7f0a9c78a9fce,
        type: 3}
      propertyPath: m_LocalRotation.x
      value: -0
      objectReference: {fileID: 0}
    - target: {fileID: 1969557670409933798, guid: 581d862fe78bea6408c7f0a9c78a9fce,
        type: 3}
      propertyPath: m_LocalRotation.y
      value: 0
      objectReference: {fileID: 0}
    - target: {fileID: 1969557670409933798, guid: 581d862fe78bea6408c7f0a9c78a9fce,
        type: 3}
      propertyPath: m_LocalRotation.z
      value: -0.4463342
      objectReference: {fileID: 0}
    - target: {fileID: 1969557670409933798, guid: 581d862fe78bea6408c7f0a9c78a9fce,
        type: 3}
      propertyPath: m_LocalRotation.w
      value: 0.89486635
      objectReference: {fileID: 0}
    - target: {fileID: 1969557670409933798, guid: 581d862fe78bea6408c7f0a9c78a9fce,
        type: 3}
      propertyPath: m_RootOrder
      value: 2
      objectReference: {fileID: 0}
    - target: {fileID: 1969557670409933798, guid: 581d862fe78bea6408c7f0a9c78a9fce,
        type: 3}
      propertyPath: m_LocalEulerAnglesHint.x
      value: 0
      objectReference: {fileID: 0}
    - target: {fileID: 1969557670409933798, guid: 581d862fe78bea6408c7f0a9c78a9fce,
        type: 3}
      propertyPath: m_LocalEulerAnglesHint.y
      value: 0
      objectReference: {fileID: 0}
    - target: {fileID: 1969557670409933798, guid: 581d862fe78bea6408c7f0a9c78a9fce,
        type: 3}
      propertyPath: m_LocalEulerAnglesHint.z
      value: -53.017002
      objectReference: {fileID: 0}
    m_RemovedComponents: []
  m_SourcePrefab: {fileID: 100100000, guid: 581d862fe78bea6408c7f0a9c78a9fce, type: 3}
--- !u!4 &2285619119028551864 stripped
Transform:
  m_CorrespondingSourceObject: {fileID: 1969557670409933798, guid: 581d862fe78bea6408c7f0a9c78a9fce,
    type: 3}
  m_PrefabInstance: {fileID: 355045768205685598}
  m_PrefabAsset: {fileID: 0}
--- !u!1001 &644101421840917654
PrefabInstance:
  m_ObjectHideFlags: 0
  serializedVersion: 2
  m_Modification:
    m_TransformParent: {fileID: 3226343195399335773}
    m_Modifications:
    - target: {fileID: 8770260703253943925, guid: 4ef06e5c9dfb13247a1ac419311ae8c2,
        type: 3}
      propertyPath: m_Name
      value: Skill_DarknessScratch
      objectReference: {fileID: 0}
    - target: {fileID: 8279351421246443628, guid: 4ef06e5c9dfb13247a1ac419311ae8c2,
        type: 3}
      propertyPath: m_LocalPosition.x
      value: 0
      objectReference: {fileID: 0}
    - target: {fileID: 8279351421246443628, guid: 4ef06e5c9dfb13247a1ac419311ae8c2,
        type: 3}
      propertyPath: m_LocalPosition.y
      value: 0
      objectReference: {fileID: 0}
    - target: {fileID: 8279351421246443628, guid: 4ef06e5c9dfb13247a1ac419311ae8c2,
        type: 3}
      propertyPath: m_LocalPosition.z
      value: 0
      objectReference: {fileID: 0}
    - target: {fileID: 8279351421246443628, guid: 4ef06e5c9dfb13247a1ac419311ae8c2,
        type: 3}
      propertyPath: m_LocalRotation.x
      value: 0
      objectReference: {fileID: 0}
    - target: {fileID: 8279351421246443628, guid: 4ef06e5c9dfb13247a1ac419311ae8c2,
        type: 3}
      propertyPath: m_LocalRotation.y
      value: 0
      objectReference: {fileID: 0}
    - target: {fileID: 8279351421246443628, guid: 4ef06e5c9dfb13247a1ac419311ae8c2,
        type: 3}
      propertyPath: m_LocalRotation.z
      value: 0
      objectReference: {fileID: 0}
    - target: {fileID: 8279351421246443628, guid: 4ef06e5c9dfb13247a1ac419311ae8c2,
        type: 3}
      propertyPath: m_LocalRotation.w
      value: 1
      objectReference: {fileID: 0}
    - target: {fileID: 8279351421246443628, guid: 4ef06e5c9dfb13247a1ac419311ae8c2,
        type: 3}
      propertyPath: m_RootOrder
      value: 6
      objectReference: {fileID: 0}
    - target: {fileID: 8279351421246443628, guid: 4ef06e5c9dfb13247a1ac419311ae8c2,
        type: 3}
      propertyPath: m_LocalEulerAnglesHint.x
      value: 0
      objectReference: {fileID: 0}
    - target: {fileID: 8279351421246443628, guid: 4ef06e5c9dfb13247a1ac419311ae8c2,
        type: 3}
      propertyPath: m_LocalEulerAnglesHint.y
      value: 0
      objectReference: {fileID: 0}
    - target: {fileID: 8279351421246443628, guid: 4ef06e5c9dfb13247a1ac419311ae8c2,
        type: 3}
      propertyPath: m_LocalEulerAnglesHint.z
      value: 0
      objectReference: {fileID: 0}
    - target: {fileID: 8513650860908012444, guid: 4ef06e5c9dfb13247a1ac419311ae8c2,
        type: 3}
      propertyPath: m_LocalPosition.x
      value: -21.31
      objectReference: {fileID: 0}
    - target: {fileID: 8513650860908012444, guid: 4ef06e5c9dfb13247a1ac419311ae8c2,
        type: 3}
      propertyPath: m_LocalPosition.y
      value: -4.44
      objectReference: {fileID: 0}
    - target: {fileID: 6225439424621183057, guid: 4ef06e5c9dfb13247a1ac419311ae8c2,
        type: 3}
      propertyPath: m_Size.x
      value: 15.75
      objectReference: {fileID: 0}
    - target: {fileID: 6225439424621183057, guid: 4ef06e5c9dfb13247a1ac419311ae8c2,
        type: 3}
      propertyPath: m_Size.y
      value: 18.75
      objectReference: {fileID: 0}
    - target: {fileID: 6225439424621183057, guid: 4ef06e5c9dfb13247a1ac419311ae8c2,
        type: 3}
      propertyPath: m_WasSpriteAssigned
      value: 0
      objectReference: {fileID: 0}
    m_RemovedComponents: []
  m_SourcePrefab: {fileID: 100100000, guid: 4ef06e5c9dfb13247a1ac419311ae8c2, type: 3}
--- !u!4 &8797329512458351866 stripped
Transform:
  m_CorrespondingSourceObject: {fileID: 8279351421246443628, guid: 4ef06e5c9dfb13247a1ac419311ae8c2,
    type: 3}
  m_PrefabInstance: {fileID: 644101421840917654}
  m_PrefabAsset: {fileID: 0}
--- !u!1001 &2489463932050892165
PrefabInstance:
  m_ObjectHideFlags: 0
  serializedVersion: 2
  m_Modification:
    m_TransformParent: {fileID: 3221954053257919215}
    m_Modifications:
    - target: {fileID: 4228345910903258693, guid: 688aaab1decd1704d9f10a69c420b855,
        type: 3}
      propertyPath: m_Name
      value: Prefab_Bar_Life
      objectReference: {fileID: 0}
    - target: {fileID: 3467564107427183676, guid: 688aaab1decd1704d9f10a69c420b855,
        type: 3}
      propertyPath: m_LocalPosition.x
      value: 0
      objectReference: {fileID: 0}
    - target: {fileID: 3467564107427183676, guid: 688aaab1decd1704d9f10a69c420b855,
        type: 3}
      propertyPath: m_LocalPosition.y
      value: -0.54999995
      objectReference: {fileID: 0}
    - target: {fileID: 3467564107427183676, guid: 688aaab1decd1704d9f10a69c420b855,
        type: 3}
      propertyPath: m_LocalPosition.z
      value: 0
      objectReference: {fileID: 0}
    - target: {fileID: 3467564107427183676, guid: 688aaab1decd1704d9f10a69c420b855,
        type: 3}
      propertyPath: m_LocalRotation.x
      value: 0
      objectReference: {fileID: 0}
    - target: {fileID: 3467564107427183676, guid: 688aaab1decd1704d9f10a69c420b855,
        type: 3}
      propertyPath: m_LocalRotation.y
      value: 0
      objectReference: {fileID: 0}
    - target: {fileID: 3467564107427183676, guid: 688aaab1decd1704d9f10a69c420b855,
        type: 3}
      propertyPath: m_LocalRotation.z
      value: 0
      objectReference: {fileID: 0}
    - target: {fileID: 3467564107427183676, guid: 688aaab1decd1704d9f10a69c420b855,
        type: 3}
      propertyPath: m_LocalRotation.w
      value: 1
      objectReference: {fileID: 0}
    - target: {fileID: 3467564107427183676, guid: 688aaab1decd1704d9f10a69c420b855,
        type: 3}
      propertyPath: m_RootOrder
      value: 2
      objectReference: {fileID: 0}
    - target: {fileID: 3467564107427183676, guid: 688aaab1decd1704d9f10a69c420b855,
        type: 3}
      propertyPath: m_LocalEulerAnglesHint.x
      value: 0
      objectReference: {fileID: 0}
    - target: {fileID: 3467564107427183676, guid: 688aaab1decd1704d9f10a69c420b855,
        type: 3}
      propertyPath: m_LocalEulerAnglesHint.y
      value: 0
      objectReference: {fileID: 0}
    - target: {fileID: 3467564107427183676, guid: 688aaab1decd1704d9f10a69c420b855,
        type: 3}
      propertyPath: m_LocalEulerAnglesHint.z
      value: 0
      objectReference: {fileID: 0}
    m_RemovedComponents: []
  m_SourcePrefab: {fileID: 100100000, guid: 688aaab1decd1704d9f10a69c420b855, type: 3}
--- !u!4 &1338441477383854521 stripped
Transform:
  m_CorrespondingSourceObject: {fileID: 3467564107427183676, guid: 688aaab1decd1704d9f10a69c420b855,
    type: 3}
  m_PrefabInstance: {fileID: 2489463932050892165}
  m_PrefabAsset: {fileID: 0}
--- !u!1001 &5205746544915955784
PrefabInstance:
  m_ObjectHideFlags: 0
  serializedVersion: 2
  m_Modification:
    m_TransformParent: {fileID: 3221954053257919215}
    m_Modifications:
    - target: {fileID: 260505404538687608, guid: 1ce60f503ab428349a4beb3bb49a130b,
        type: 3}
      propertyPath: m_Name
      value: Prefab_Debuffs
      objectReference: {fileID: 0}
    - target: {fileID: 9018542164124810118, guid: 1ce60f503ab428349a4beb3bb49a130b,
        type: 3}
      propertyPath: m_LocalPosition.x
      value: 0
      objectReference: {fileID: 0}
    - target: {fileID: 9018542164124810118, guid: 1ce60f503ab428349a4beb3bb49a130b,
        type: 3}
      propertyPath: m_LocalPosition.y
      value: 1
      objectReference: {fileID: 0}
    - target: {fileID: 9018542164124810118, guid: 1ce60f503ab428349a4beb3bb49a130b,
        type: 3}
      propertyPath: m_LocalPosition.z
      value: 0
      objectReference: {fileID: 0}
    - target: {fileID: 9018542164124810118, guid: 1ce60f503ab428349a4beb3bb49a130b,
        type: 3}
      propertyPath: m_LocalRotation.x
      value: 0
      objectReference: {fileID: 0}
    - target: {fileID: 9018542164124810118, guid: 1ce60f503ab428349a4beb3bb49a130b,
        type: 3}
      propertyPath: m_LocalRotation.y
      value: 0
      objectReference: {fileID: 0}
    - target: {fileID: 9018542164124810118, guid: 1ce60f503ab428349a4beb3bb49a130b,
        type: 3}
      propertyPath: m_LocalRotation.z
      value: 0
      objectReference: {fileID: 0}
    - target: {fileID: 9018542164124810118, guid: 1ce60f503ab428349a4beb3bb49a130b,
        type: 3}
      propertyPath: m_LocalRotation.w
      value: 1
      objectReference: {fileID: 0}
    - target: {fileID: 9018542164124810118, guid: 1ce60f503ab428349a4beb3bb49a130b,
        type: 3}
      propertyPath: m_RootOrder
      value: 1
      objectReference: {fileID: 0}
    - target: {fileID: 9018542164124810118, guid: 1ce60f503ab428349a4beb3bb49a130b,
        type: 3}
      propertyPath: m_LocalEulerAnglesHint.x
      value: 0
      objectReference: {fileID: 0}
    - target: {fileID: 9018542164124810118, guid: 1ce60f503ab428349a4beb3bb49a130b,
        type: 3}
      propertyPath: m_LocalEulerAnglesHint.y
      value: 0
      objectReference: {fileID: 0}
    - target: {fileID: 9018542164124810118, guid: 1ce60f503ab428349a4beb3bb49a130b,
        type: 3}
      propertyPath: m_LocalEulerAnglesHint.z
      value: 0
      objectReference: {fileID: 0}
    - target: {fileID: 5303523300012547356, guid: 1ce60f503ab428349a4beb3bb49a130b,
        type: 3}
      propertyPath: m_WasSpriteAssigned
      value: 0
      objectReference: {fileID: 0}
    m_RemovedComponents: []
  m_SourcePrefab: {fileID: 100100000, guid: 1ce60f503ab428349a4beb3bb49a130b, type: 3}
--- !u!4 &3825467817149627342 stripped
Transform:
  m_CorrespondingSourceObject: {fileID: 9018542164124810118, guid: 1ce60f503ab428349a4beb3bb49a130b,
    type: 3}
  m_PrefabInstance: {fileID: 5205746544915955784}
  m_PrefabAsset: {fileID: 0}
--- !u!1001 &5865986798991216518
PrefabInstance:
  m_ObjectHideFlags: 0
  serializedVersion: 2
  m_Modification:
    m_TransformParent: {fileID: 3221954053257919215}
    m_Modifications:
    - target: {fileID: 4766886005590025917, guid: c43a6e039e6579c4f85eb65859ffbdbd,
        type: 3}
      propertyPath: m_Name
      value: Prefab_Bar_Casting
      objectReference: {fileID: 0}
    - target: {fileID: 5230430190818239684, guid: c43a6e039e6579c4f85eb65859ffbdbd,
        type: 3}
      propertyPath: m_LocalPosition.x
      value: 0
      objectReference: {fileID: 0}
    - target: {fileID: 5230430190818239684, guid: c43a6e039e6579c4f85eb65859ffbdbd,
        type: 3}
      propertyPath: m_LocalPosition.y
      value: 7.78
      objectReference: {fileID: 0}
    - target: {fileID: 5230430190818239684, guid: c43a6e039e6579c4f85eb65859ffbdbd,
        type: 3}
      propertyPath: m_LocalPosition.z
      value: 0
      objectReference: {fileID: 0}
    - target: {fileID: 5230430190818239684, guid: c43a6e039e6579c4f85eb65859ffbdbd,
        type: 3}
      propertyPath: m_LocalRotation.x
      value: 0
      objectReference: {fileID: 0}
    - target: {fileID: 5230430190818239684, guid: c43a6e039e6579c4f85eb65859ffbdbd,
        type: 3}
      propertyPath: m_LocalRotation.y
      value: 0
      objectReference: {fileID: 0}
    - target: {fileID: 5230430190818239684, guid: c43a6e039e6579c4f85eb65859ffbdbd,
        type: 3}
      propertyPath: m_LocalRotation.z
      value: 0
      objectReference: {fileID: 0}
    - target: {fileID: 5230430190818239684, guid: c43a6e039e6579c4f85eb65859ffbdbd,
        type: 3}
      propertyPath: m_LocalRotation.w
      value: 1
      objectReference: {fileID: 0}
    - target: {fileID: 5230430190818239684, guid: c43a6e039e6579c4f85eb65859ffbdbd,
        type: 3}
      propertyPath: m_RootOrder
      value: 3
      objectReference: {fileID: 0}
    - target: {fileID: 5230430190818239684, guid: c43a6e039e6579c4f85eb65859ffbdbd,
        type: 3}
      propertyPath: m_LocalEulerAnglesHint.x
      value: 0
      objectReference: {fileID: 0}
    - target: {fileID: 5230430190818239684, guid: c43a6e039e6579c4f85eb65859ffbdbd,
        type: 3}
      propertyPath: m_LocalEulerAnglesHint.y
      value: 0
      objectReference: {fileID: 0}
    - target: {fileID: 5230430190818239684, guid: c43a6e039e6579c4f85eb65859ffbdbd,
        type: 3}
      propertyPath: m_LocalEulerAnglesHint.z
      value: 0
      objectReference: {fileID: 0}
    m_RemovedComponents: []
  m_SourcePrefab: {fileID: 100100000, guid: c43a6e039e6579c4f85eb65859ffbdbd, type: 3}
--- !u!4 &1872955806546373442 stripped
Transform:
  m_CorrespondingSourceObject: {fileID: 5230430190818239684, guid: c43a6e039e6579c4f85eb65859ffbdbd,
    type: 3}
  m_PrefabInstance: {fileID: 5865986798991216518}
  m_PrefabAsset: {fileID: 0}
